2806 4964
32 517 90 550 (told.

16 563 48 596 Fr.
66 563 105 594 2³9.

40 3245 98 3279 Gold.

19 3289 72 3324 Ulm.
84 3291 113 3324 81.

666 324 709 393 28

115 500 380 565 sustentationem
403 499 462 564 sub
485 498 545 563 hac
568 498 758 576 conditione,
782 502 819 563 ut
840 521 912 563 cum
934 499 999 563 suis
1022 498 1056 563 in
1077 519 1267 583 quocunque

115 605 255 688 hospitio
277 605 433 687 placeret,
463 625 589 668 manere
612 606 735 685 posset,
765 607 798 668 et
831 605 870 667 ad
904 604 1058 686 placitum
1089 603 1265 687 hospitium

114 713 248 788 mutare,
273 713 305 774 et
327 713 457 792 propter
480 707 562 770 hanc
586 707 799 772 conditionem
816 708 949 772 multam
971 708 1190 792 superaddidit
1211 730 1267 790 pe-

115 815 252 878 cuniam.
297 813 378 878 Erat
401 817 483 877 enim
509 813 567 890 vir,
592 812 647 896 qni
671 813 760 876 novis
783 811 1008 891 delectabatur,
1032 816 1065 876 et
1084 813 1267 896 ubicunque

116 917 265 983 audiebat
288 918 451 982 advenisse
474 916 596 982 nobiles
619 921 651 980 et
675 916 794 981 alienos
817 917 972 996 homines,
995 917 1041 981 ibi
1064 917 1210 982 intrabat
1237 921 1269 980 et

116 1025 338 1102 manducabat,
361 1029 398 1088 ut
422 1046 520 1088 novos
545 1045 688 1090 rumores
712 1023 845 1087 audiret.
892 1021 984 1087 Unde
1005 1023 1039 1085 in
1063 1022 1267 1105 proverbium

116 1153 243 1195 versum
265 1131 327 1194 fuit
349 1131 433 1197 inter
455 1129 578 1193 nobiles
601 1129 743 1193 volentes
768 1128 814 1192 116
839 1126 984 1205 Ulmam,
1010 1128 1094 1210 quod
1119 1126 1267 1192 dicebant

116 1257 149 1300 se
171 1237 218 1300 116
241 1235 280 1299 ad
303 1235 423 1305 curiam
455 1234 607 1299 comitum
639 1234 677 1299 de
700 1232 909 1316 Werdaberg.
955 1231 1047 1299 Hauc
1076 1231 1267 1297 derisionem

116 1340 246 1404 comites
269 1338 317 1402 illi
334 1360 418 1422 aegre
434 1338 515 1402 16116
531 1342 696 1422 coeperunt
712 1342 831 1402 etcum
847 1336 1052 1402 Ulmensibus
1068 1339 1266 1401 contractum

117 1446 270 1523 feceruut,
294 1448 331 1507 ut
353 1447 442 1508 extra
458 1443 608 1526 oppidum
626 1442 699 1508 Ulm
718 1442 950 1507 habitationem
967 1441 1075 1506 comiti
1091 1462 1267 1525 congruam

117 1552 337 1619 construerent
366 1551 398 1612 et
428 1547 637 1612 sufficientem
669 1547 882 1631 provisionem
906 1547 1106 1622 ordinarent,
1139 1545 1173 1608 in
1207 1568 1269 1630 qua

117 1655 265 1718 comitem
288 1676 380 1718 suum
404 1653 675 1737 consanguineum
699 1653 873 1732 nutrirent,
908 1657 939 1716 et
971 1652 1004 1715 in
1032 1672 1270 1734 recompensam

118 1763 317 1824 constructae
340 1757 450 1821 domus
474 1760 538 1821 tres
553 1778 703 1840 personas
719 1757 757 1820 de
773 1757 911 1821 vitalitio
934 1756 1138 1821 defalcarent.
1186 1753 1269 1820 (lon-

118 1866 304 1928 struxerunt
319 1884 395 1947 ergo
412 1860 573 1927 Ulmenses
585 1862 713 1926 domum
728 1861 895 1944 pulchram
910 1884 968 1945 pro
985 1861 1098 1926 comite
1108 1862 1143 1924 in
1157 1859 1268 1923 littore

118 1968 224 2039 Blavii
247 1969 305 2032 sub
329 1967 445 2050 oppido
467 1967 502 2029 in
525 1965 688 2044 suburbi0,
713 1969 745 2029 et
767 1966 801 2029 in
824 1965 881 2030 illa
905 1967 998 2031 domo
1014 1965 1160 2044 comedit,
1185 1965 1270 2028 bibit

118 2078 149 2138 et
165 2073 315 2137 dormivit
331 2071 482 2156 quamdiu
499 2070 588 2136 vixit.
634 2069 754 2134 Dicunt
771 2075 877 2135 autem
893 2071 977 2155 quod
996 2071 1112 2134 nobilis
1129 2070 1269 2134 residens

117 2180 152 2242 in
175 2178 290 2261 oppido
312 2177 346 2240 in
369 2177 515 2255 castello,
550 2176 633 2260 quod
657 2176 721 2239 iam
743 2175 905 2240 inhabitat
927 2176 1082 2261 Georgius
1106 2173 1228 2239 Strdlin
1245 2175 1268 2254 ¹,

120 2285 238 2348 discors
260 2281 324 2346 fuit
345 2303 416 2346 cum
441 2280 498 2345 illo
526 2280 657 2358 comite,
691 2284 723 2344 61
758 2280 842 2364 quod
865 2281 976 2345 iaculis
999 2303 1033 2346 06
1058 2281 1213 2345 dedomo
1237 2281 1271 2344 in

120 2389 249 2452 domum
271 2385 433 2469 petebant,
456 2386 540 2467 quod
563 2384 715 2467 possibile
738 2389 786 2449 est
809 2374 972 2469 quianon
995 2387 1091 2471 longe
1113 2407 1182 2450 ase
1205 2386 1270 2450 dis-

120 2498 200 2559 tant.
244 2492 373 2557 Mortuo
397 2495 504 2556 autem
527 2492 643 2556 comite
665 2497 697 2555 61
726 2491 873 2555 omnibus
904 2490 969 2556 suis
991 2491 1269 2569 commensalibus,

120 2598 267 2663 devoluta
290 2598 354 2662 fuit
384 2598 495 2662 domus
525 2596 582 2661 illa
606 2597 645 2660 ad
667 2595 852 2676 Ulmenses,
884 2619 980 2681 quam
1011 2597 1140 2681 quidam
1166 2595 1271 2660 dictus

122 2703 240 2767 Behem
262 2703 339 2767 emit
369 2700 410 2767 ab
434 2700 656 2780 Ulmensibus,
686 2701 775 2766 cuius
805 2701 974 2785 posteritas
1002 2702 1088 2765 ultra
1118 2702 1272 2766 ducentos

121 2830 220 2872 annos
244 2809 373 2875 domum
394 2807 544 2890 possedit.
590 2807 732 2871 Tandem
755 2806 884 2872 civitate
914 2808 1068 2892 ampliata
1095 2807 1195 2872 muris
1219 2807 1273 2871 in·

120 2913 207 2977 clusa
223 2912 295 2976 fuit.
333 2912 455 2977 Deinde
472 2916 581 2976 nostro
596 2916 737 2996 tempore
754 2912 919 2978 Ulmenses
936 2916 1114 2979 reemerunt
1132 2912 1272 2991 domum,

121 3039 253 3101 eamque
276 3015 436 3081 officinam
460 3016 506 3080 161
528 3016 664 3100 publicae
688 3039 754 3082 0006
777 3020 971 3097 statuerunt,
999 3018 1119 3101 inqua
1141 3037 1272 3081 mensu-

121 3124 269 3187 rarentur
292 3143 378 3200 vasa,
399 3124 431 3185 61
454 3121 570 3184 dicitur
592 3121 769 3206 vulgariter
792 3122 842 3186 die
870 3122 962 3186 Eich.
1006 3120 1045 3185 In
1075 3122 1167 3185 domo
1197 3142 1272 3184 vero

123 3227 186 3292 alia
208 3249 304 3310 supra
326 3229 511 3304 memorata,
535 3247 606 3309 quae
629 3229 677 3289 est
699 3226 787 3290 curia
818 3227 935 3291 civium
957 3225 1096 3305 Strdlin,
1126 3224 1273 3289 fecerunt

122 3331 290 3398 Ulmenses
306 3331 492 3415 imperatori
503 3331 634 3408 curiam,
652 3354 722 3415 quae
737 3352 838 3416 usque
852 3331 947 3396 hodie
964 3333 1052 3397 curia
1068 3332 1272 3414 imperatoris

122 3437 239 3502 dicitur
254 3437 304 3501 vel
320 3435 408 3500 curia
420 3435 504 3520 regis
515 3433 538 3500 ².
577 3432 669 3499 Unde
682 3458 765 3500 anno
781 3437 901 3501 domini
918 3437 1002 3502 1473
1018 3459 1089 3500 cum
1105 3433 1274 3500 Ulmenses

123 3542 284 3607 Friderico
299 3539 348 3606 III
362 3541 542 3606 iuramenta
557 3544 709 3624 praestarc
729 3539 848 3605 vellent
862 3541 896 3605 in
911 3540 982 3606 foro
998 3544 1072 3605 ante
1087 3540 1274 3624 praetorium

122 3648 246 3711 utiam
267 3669 336 3711 mos
358 3647 469 3725 habet,
492 3646 683 3730 interrogati
704 3644 850 3725 fuerunt,
882 3668 988 3710 annon
1011 3647 1044 3709 in
1068 3646 1155 3710 curia
1178 3645 1274 3729 regis,

124 3752 206 3817 sicut
221 3751 399 3834 antiquitus
415 3751 517 3815 facere
532 3754 770 3830 consueverant,
786 3751 819 3816 id
834 3754 975 3837 agerent.
1019 3749 1273 3833 Responderunt,

122 3860 243 3923 statum
266 3854 405 3920 civitatis
421 3859 582 3920 mutatum
605 3878 672 3921 esse
694 3860 767 3940 post
782 3857 848 3921 eius
865 3856 1105 3940 ampliationem
1121 3859 1153 3920 et
1168 3855 1273 3919 locum

122 3961 294 4026 iuramenti
315 3960 510 4025 translatum
531 3960 566 4025 in
589 3961 749 4044 publicam
772 3963 930 4046 plateam,
964 3963 998 4025 in
1021 3983 1085 4046 qua
1106 3963 1213 4024 forum
1237 3961 1274 4023 de

687 4101 706 4142 ¹3

196 4207 208 4259 l
229 4203 345 4260 Georius
363 4203 437 4259 Mon.
459 4204 482 4259 1.
518 4203 877 4260 01111111011001111.
915 4201 1021 4257 Strdlin
1040 4202 1139 4258 Schad.
1161 4202 1202 4256 111.
1224 4204 1273 4258 Eli.

125 4292 214 4347 Schm.
233 4291 320 4346 Wibl.
389 4290 499 4345 216111
518 4290 567 4345 der
590 4307 660 4345 neue
678 4290 743 4345 bau.
784 4288 811 4344 S.
830 4289 979 4353 Dieterich,
997 4287 1205 4360 Beschroibung
1223 4290 1273 4345 der

125 4379 204 4434 stadt
223 4378 297 4434 Ulm.
335 4377 422 4434 1111.
506 4407 508 4417 ·
