2806 4964
676 334 719 398 64

122 508 184 573 dioi
214 513 347 591 possunt
372 508 500 588 heroes,
531 508 571 572 ad
600 508 729 572 modum
760 508 842 574 sicut
869 508 904 572 in
927 508 1173 574 auctoritatibus
1197 532 1269 595 gen·

122 613 228 677 tilium
262 613 373 678 heroes
397 613 598 698 appellantur
630 615 686 698 qui
709 637 747 678 ex
770 637 833 679 uno
865 620 996 698 parente
1018 613 1148 680 mortali
1183 621 1217 681 et
1238 639 1270 680 er

124 719 224 783 altero
241 723 415 783 nascuntur
437 719 623 797 immortali,
646 720 729 783 sicut
745 718 887 784 Achilles
911 742 949 784 ex
964 718 1066 784 Peleo·
1081 726 1173 805 patre
1190 744 1271 786 mor·

122 824 180 889 tali
203 828 235 887 et
257 824 314 887 dea
337 824 420 888 diota
446 825 581 889 Thetide
603 825 777 889 immortali
800 829 905 889 ortum
927 825 1050 891 habuit.
1074 825 1144 890 haec
1167 833 1270 892 autem

122 929 233 993 Thetis
256 929 426 994 secundum
450 931 646 1015 theologiam
679 935 845 1015 poetarum
873 930 1095 1014 potentissima
1126 933 1186 996 dea
1209 937 1273 1006 erat

122 1056 294 1117 aquarum,
329 1035 380 1098 cui
403 1040 509 1100 tamen
532 1035 660 1119 Jupiter
682 1035 773 1120 iungi
802 1035 907 1100 noluit
928 1036 1028 1100 sciens
1052 1058 1090 1100 ex
1113 1060 1149 1102 ea
1172 1036 1272 1102 filium

122 1139 319 1204 nasciturum
352 1141 504 1205 maiorem
538 1146 637 1225 patre.
683 1141 754 1206 ideo
780 1139 875 1204 Peleo
908 1140 1049 1219 homini,
1078 1142 1135 1226 qui
1168 1147 1271 1208 tamen

121 1244 247 1328 magnis
271 1267 396 1328 semper
425 1245 617 1311 interfuerat
639 1245 796 1330 negotiis,
827 1245 945 1310 tradita
971 1244 1053 1325 fuit,
1076 1250 1109 1310 et
1138 1247 1179 1310 ad
1210 1247 1274 1312 eius

121 1350 251 1432 nuptias
280 1373 389 1415 omnes
419 1350 464 1414 dii
486 1355 518 1414 et
541 1351 606 1414 deae
629 1350 746 1427 vocati,
779 1350 907 1433 dempta
929 1350 1104 1415 Discordia.
1149 1349 1188 1416 Iu
1212 1351 1274 1416 illis

121 1454 243 1538 nuptiis
266 1454 404 1539 contigit
431 1454 572 1538 litigium
595 1453 735 1518 Palladis
757 1452 891 1519 Veneris
921 1459 953 1520 et
975 1453 1113 1520 Junonis
1143 1462 1274 1541 propter

121 1581 251 1642 pomum
276 1583 406 1624 aureum
430 1565 488 1625 eto.
536 1559 693 1642 Concepto
724 1564 831 1631 autem
856 1559 983 1624 Achille
1011 1564 1044 1625 et
1071 1565 1150 1626 nato
1173 1567 1274 1626 mater

122 1663 255 1728 tradidit
277 1686 349 1728 eum
372 1663 530 1729 Centauro
553 1663 699 1743 Chironi,
734 1664 789 1748 qui
814 1663 842 1728 ei
864 1663 990 1728 nullum
1021 1664 1128 1730 cibum
1160 1667 1275 1732 tribuit

122 1769 185 1832 nisi
208 1770 246 1833 de
269 1769 379 1834 bestiis
403 1794 421 1834 a
444 1793 476 1834 se
499 1769 617 1853 captis,
651 1769 739 1843 etin
761 1768 971 1834 fortissimum
1003 1770 1108 1834 virum
1131 1772 1274 1837 omnium

123 1873 305 1940 Graecorum
326 1876 435 1956 evasit,
459 1881 491 1940 et
514 1877 547 1938 in
564 1873 702 1939 Troiano
726 1875 810 1939 bello
825 1875 1024 1939 nobilissimo
1048 1876 1159 1941 multis
1175 1877 1275 1943 inter-

122 1981 236 2063 emptis
271 1979 441 2045 Hectorem
473 1975 505 2045 'et
539 1981 682 2045 Troilum
713 1980 859 2045 extinxit.
915 1980 992 2045 Haec
1025 1980 1164 2046 historia
1198 1983 1275 2047 bene

124 2085 294 2168 adaptatur·
324 2086 522 2169 generationi
555 2087 754 2170 quorundam
784 2084 910 2152 civium.
956 2084 1041 2150 Nam
1064 2085 1143 2151 olim
1167 2111 1274 2153 omnes

123 2190 245 2255 nobiles
269 2191 454 2256 dicebantur
478 2192 522 2254 dii
544 2191 742 2274 temporibus
767 2191 994 2269 Troianorum3
1030 2190 1143 2257 Peleus
1168 2198 1271 2259 autem

121 2318 185 2360 non
203 2295 320 2359 nobilis
340 2297 391 2360 sed
405 2301 512 2361 tamen
523 2301 671 2379 expertus
683 2296 812 2361 Thetidi
821 2296 887 2361 deae
899 2296 1105 2387 matrimonio
1117 2298 1272 2383 iungitur.

123 2400 202 2465 Cum
218 2402 295 2466 civis
312 2402 450 2467 nobilem
464 2404 634 2486 desponsat
649 2425 779 2466 uxorem
802 2402 856 2485 qui
872 2424 930 2465 sua
946 2401 1143 2485 experientia
1159 2404 1274 2468 meruit

108 2505 247 2583 'habere‘
263 2506 420 2588 nobilem,
451 2514 581 2591 propter
603 2507 670 2572 eius
694 2511 798 2572 autem
822 2507 974 2572 virtutem
997 2512 1029 2572 et
1051 2509 1162 2573 uxoris
1184 2510 1273 2595 inge-

122 2611 278 2676 nuitatem
300 2615 433 2678 veniunt
455 2613 495 2677 ad
511 2613 639 2697 nuptias
662 2634 770 2677 omnes
786 2613 918 2692 nobileS,
941 2612 1042 2697 fitque
1062 2619 1197 2698 propter
1219 2616 1274 2680 ab·

122 2717 256 2781 sentiam
284 2718 447 2782 discordiae
472 2742 534 2802 pax
560 2718 643 2782 inter
659 2717 781 2782 nobiles
798 2721 829 2781 et
845 2716 944 2791 cives;
969 2738 1038 2800 quae
1054 2720 1163 2782 tamen
1181 2719 1273 2783 dura·

122 2821 197 2885 bilis
220 2844 284 2885 non
308 2827 364 2900 est,
389 2823 464 2906 quia
486 2822 579 2886 malis
603 2821 706 2885 aureis
729 2821 761 2885 h.
786 2843 812 2885 e.
836 2819 929 2884 bonis
951 2823 1183 2905 temporalibus
1206 2828 1273 2888 tur-

123 2926 219 2990 batur
241 2949 304 3010 pax
327 2927 488 2991 intereos.
535 2927 640 2991 Mater
656 2929 762 2990 autem
784 2925 910 3005 nobilis,
933 2931 970 2991 ut
986 2925 1098 2991 Thetis
1115 2927 1271 2992 Achillem

122 3029 268 3096 iuvenem
302 3034 394 3116 longe
416 3055 436 3096 a
467 3056 500 3097 se
522 3033 611 3097 misit
633 3032 748 3116 stygiis
779 3031 874 3094 undis
906 3031 1117 3116 immergens,
1151 3034 1197 3098 sic
1218 3033 1273 3098 illa

123 3137 224 3201 filium
241 3142 353 3202 natum
368 3137 549 3201 nobilium1
572 3137 667 3201 curiae
691 3136 838 3216 destinat,
862 3136 917 3199 ubi
939 3137 1143 3222 immergitur
1165 3139 1273 3203 multis

122 3242 258 3308 miseriis
281 3249 313 3308 et
336 3244 477 3327 pasoitur
500 3248 626 3307 tantum
650 3241 760 3307 bestiis
784 3264 802 3304 a
825 3264 858 3306 se
880 3242 981 3325 captis
1003 3241 1025 3306 i.
1049 3265 1076 3307 e.
1101 3245 1140 3307 de
1163 3244 1272 3329 rapina

123 3373 197 3415 ase
220 3354 322 3432 capta,
347 3354 378 3414 et
400 3349 447 3413 ita
469 3348 627 3413 enutritus
651 3370 723 3410 oum
738 3345 899 3411 nobilibus
923 3347 1005 3411 bella
1028 3349 1221 3434 ingreditur,
1243 3354 1272 3414 et

123 3461 253 3540 propter
268 3455 403 3539 grandia
420 3456 504 3519 facta
527 3476 584 3538 pro
605 3457 673 3519 toto
689 3453 835 3517 deificato
850 3453 871 3516 i.
889 3475 915 3516 e.
939 3452 1111 3518 nobilitato
1128 3454 1271 3519 habetur.

123 3558 207 3625 Sunt
222 3582 299 3645 ergo
322 3562 404 3626 cives
419 3559 587 3626 Ulmenses
609 3558 704 3623 multi
720 3555 868 3638 Achillei,
892 3557 1015 3623 nobiles
1035 3582 1074 3623 ex
1095 3565 1200 3625 matre
1215 3558 1272 3624 sci-

123 3666 212 3743 licet,
246 3671 279 3731 et
305 3668 333 3730 si
362 3665 618 3731 continuaverint
640 3688 698 3748 pro
728 3664 804 3728 filiis
829 3664 894 3727 suis
925 3663 1085 3727 connubia
1106 3664 1269 3742 nobilium,

123 3771 250 3835 tandem
274 3794 311 3835 ex
334 3776 403 3836 toto
427 3771 611 3835 efficiuntur
633 3769 764 3833 nobiles.
810 3769 855 3833 Et
877 3768 935 3833 hos
959 3767 1128 3833 nominant
1151 3768 1270 3834 nobiles

123 3877 240 3942 tinctos
264 3899 343 3960 quos
357 3876 445 3960 prius
462 3875 697 3941 nominavimus
719 3865 830 3939 heroes
847 3878 879 3938 et
893 3871 1066 3938 Achilleos.
1112 3872 1270 3938 Dicuntur
1315 3894 1323 3906 ·

123 3987 229 4047 autem
252 3981 355 4060 tincti,
380 3982 454 4065 quia
470 4004 526 4065 per
549 3980 753 4066 agnationem
769 3979 871 4044 nobili
891 3978 1270 4064 sanguini-intinguntur,
1290 4023 1323 4053 ς

123 4092 155 4152 et
177 4110 233 4171 per
256 4085 471 4150 continuatam
497 4085 668 4150 tincturam
691 4084 865 4148 indubitati
880 4082 1003 4147 nobiles
1026 4084 1175 4148 evadunt.
1221 4081 1323 4147 Sic:

123 4193 241 4257 tinctus
265 4191 327 4255 fuit
350 4190 471 4270 David,
504 4192 611 4255 ovium
636 4195 751 4275 ⁴pastor
781 4189 914 4269 ruralis,
948 4188 1130 4273 accipiendo
1153 4183 1323 4252 Micholl

688 4322 705 4358 a

194 4402 208 4453 1
228 4401 412 4456 nobilitatum
430 4400 503 4456 Mon.
522 4400 546 4454 2.
