2806 4964
27 657 131 744 “geg-V.
639 650 705 726 qap.
734 652 774 705 10.

34 746 121 779 macl.

25 789 190 859 U¹¹¹²‘¹⁰⁶·De
225 793 347 858 locis
380 793 509 856 inter
543 790 844 876 Urspringen
880 796 923 856 et
951 790 1139 855 Buren¹
1177 791 1281 856 etde

450 894 654 960 Wilerio
689 895 971 961 inclusorio.

217 1091 270 1156 ab
293 1089 494 1174 Urspringen
519 1087 715 1171 procedendo
738 1111 794 1172 per
810 1090 993 1154 descensum
1008 1090 1098 1154 fluvii
1118 1090 1210 1154 Acba
1224 1095 1283 1156 sta-

130 1199 189 1262 tim
213 1197 350 1262 occurrit
379 1195 530 1278 oppidum
554 1191 780 1277 Schelklingen
814 1194 1030 1273 nominatum,
1062 1217 1134 1260 cum
1167 1197 1284 1268 munita

130 1325 201 1368 arce
223 1304 257 1364 in
280 1300 369 1384 rupis
394 1298 578 1363 summitate
601 1297 741 1362 eiusdem
757 1299 896 1363 nominis
909 1298 931 1364 ².
977 1299 1071 1366 Unde
1091 1306 1202 1366 autem
1217 1302 1284 1366 huic

131 1407 246 1492 oppido
271 1412 302 1471 61
325 1411 430 1470 castro
454 1405 513 1469 hoc
530 1427 644 1468 nomen
662 1404 834 1484 advenerit,
858 1427 922 1468 non
939 1406 1002 1469 alio
1018 1405 1136 1470 nisiex
1152 1407 1284 1470 nominis

132 1536 209 1578 sono
234 1512 332 1595 accipi
356 1514 472 1594 potest.
519 1508 728 1592 componitur
752 1510 837 1574 enim
853 1509 914 1575 hoc
928 1533 1043 1575 nomen
1060 1510 1283 1596 Schelklingen

132 1641 171 1683 ex
187 1617 309 1681 duobus
325 1614 517 1679 theutonicis
534 1613 672 1693 vocibus,
697 1636 738 1678 sc.
756 1636 794 1679 cx
819 1614 930 1679 sohalk
946 1620 978 1680 et
989 1616 1135 1701 hlingen‚
1154 1639 1282 1701 quorum

133 1723 236 1807 prima
259 1720 421 1805 significat
443 1740 596 1803 nequam,
620 1720 757 1783 secunda
779 1742 909 1799 1611116,
934 1744 972 1786 ex
995 1722 1112 1806 quibus
1136 1722 1283 1806 suspicari

134 1832 248 1912 potest,
274 1827 357 1910 quod
381 1825 458 1889 olim
479 1824 525 1888 ibi
547 1823 647 1889 fuerit
670 1848 780 1890 nemus
804 1826 984 1890 insecurnm
1001 1831 1134 1911 propter
1153 1837 1283 1912 nequam

134 1934 166 1996 in
191 1956 227 1997 eo
249 1931 432 2007 latitantes,
457 1935 568 1994 contra
591 1952 671 2014 quos
694 1932 850 1996 credimus
874 1954 979 1997 arcem
1001 1932 1047 1996 ibi
1071 1937 1281 1997 constructam

134 2040 168 2102 in
191 2041 315 2115 monte,
338 2040 371 2101 et
393 2040 502 2119 postea
525 2036 636 2100 excisis
660 2036 829 2101 arboribus
862 2037 969 2101 villam
1001 2038 1034 2101 in
1059 2039 1130 2102 loco
1153 2039 1283 2103 nemoris

135 2142 322 2207 aedificatam
347 2145 379 2206 et
402 2161 495 2224 agros
518 2140 700 2223 plantatos,
733 2147 765 2207 61
791 2164 906 2208 nomen
937 2143 1106 2208 horridum
1137 2148 1206 2209 tam
1222 2144 1284 2208 arci

135 2270 231 2332 quarn
253 2247 368 2330 oppido
392 2246 552 2309 mansisse.
600 2246 660 2311 Vel
683 2248 884 2330 componitur
905 2271 943 2312 ex
973 2247 1062 2312 schal
1090 2253 1124 2312 61
1148 2248 1281 2335 klingen,

135 2354 210 2438 quia
233 2355 300 2416 erat
323 2373 433 2414 nemus
456 2351 647 2430 iucundum,
677 2353 710 2415 in
743 2375 806 2437 quo
829 2353 952 2418 nobiles
975 2352 1097 2418 deliciis
1121 2356 1279 2420 vacabant.

135 2457 223 2521 schal
246 2456 330 2520 enim
350 2455 427 2518 dicit
442 2454 671 2520 iucunditatem
695 2460 727 2520 61
751 2456 883 2542 klingen
903 2453 1023 2537 nemus,
1048 2465 1183 2543 propter
1207 2459 1280 2545 quod

134 2561 217 2626 forte
240 2561 364 2625 nobiles
386 2560 420 2623 in
444 2582 521 2642 rupe
553 2544 658 2624 616611
687 2559 777 2624 illam
800 2566 986 2641 erexerunt,
1015 2568 1054 2628 ut
1086 2563 1213 2628 solatiis
1243 2563 1279 2628 ibi

135 2667 324 2731 fruerentur.
350 2663 507 2729 Nonnulli
520 2669 636 2748 putant
651 2687 765 2730 nomen
780 2667 927 2749 componi
939 2688 978 2731 ex
990 2665 1084 2732 Schcl
1094 2672 1129 2732 et
1146 2667 1279 2754 klingen

42 2771 211 2856 nihildum
244 2774 405 2848 asserunt,
437 2769 498 2834 hoc
529 2793 640 2834 nemus
673 2770 750 2834 olim
780 2770 971 2853 pertinuisse
1001 2772 1041 2835 ad
1074 2773 1222 2838 dominos
1252 2773 1280 2836 do

137 2875 371 2958 Schellenberg.
419 2873 487 2938 Alii
509 2875 619 2938 dicunt
640 2874 739 2939 fuisse
762 2875 963 2940 dominorum
996 2877 1034 2940 de
1058 2876 1280 2964 Klingenberg.

137 2981 281 3046 Primum
303 2985 411 3044 tamen
434 2979 539 3044 uerius
562 2980 696 3044 videtur.
721 2983 755 3043 ct
777 2979 873 3063 primi
895 2981 976 3045 arcis
996 3003 1195 3064 possessores
1218 2981 1282 3047 dicti

138 3087 268 3150 fuerunt
291 3085 421 3150 comites
444 3084 482 3148 16
506 3081 743 3169 Schelklingen‚
770 3085 886 3168 quibus
910 3072 1038 3150 tandem
1062 3085 1282 3163 deficientibus,

138 3189 359 3254 archiducibus
381 3186 521 3253 Austriae
544 3189 748 3254 haereditario
771 3190 840 3254 iure
863 3191 957 3254 cessit
979 3194 1085 3256 totum
1107 3190 1170 3256 hoc
1193 3191 1282 3257 domi-

138 3295 236 3373 nium,
254 3295 336 3378 quod
353 3313 438 3356 nunc
453 3293 706 3376 impignoratum
721 3295 863 3377 possidet
879 3295 1090 3360 Burkhardns
1107 3296 1146 3361 de
1162 3295 1283 3362 Stadion

138 3398 265 3462 nobilis.

226 3503 276 3567 Ex
300 3505 416 3588 oppido
439 3507 667 3587 consequenter
689 3507 886 3588 procedendo
911 3530 967 3590 per
990 3505 1109 3573 vallem
1125 3509 1218 3575 Ache
1233 3509 1284 3574 fiu-

139 3609 234 3673 minis
257 3609 384 3671 venitur
414 3609 453 3672 ad
481 3608 644 3692 ingentem
674 3608 774 3673 altam
804 3633 931 3692 rupem,
962 3632 1056 3694 quem
1088 3612 1284 3696 spectabilem

140 3719 172 3778 et
195 3712 412 3777 admirabilem
446 3714 582 3778 reddunt
612 3715 784 3799 singularis
815 3738 832 3778 6
864 3718 949 3779 16116
986 3715 1020 3778 11
1054 3715 1159 3782 altum
1190 3719 1284 3795 elatio,

708 3833 725 3871 s

213 3913 275 3966 let
295 3911 444 3967 Burronem
466 3911 526 3967 Sch.
547 3914 592 3968 Κ1.
611 3913 691 3971 Gold.
714 3919 736 3970 l.
775 3917 804 3969 et
824 3915 929 3969 Burrcn
948 3914 1034 3970 Wibl.
1054 3913 1148 3971 Schm.
1186 3915 1285 3971 2Undc

142 4003 236 4056 autem
256 4040 262 4053 .
282 4039 289 4052 .
309 4044 314 4056 .
335 4017 367 4054 ex
386 4001 506 4057 nominis
524 4002 597 4057 fehlt
615 4004 660 4057 bei
678 4003 739 4058 Sch.
759 4003 804 4057 Κ1.
817 4003 908 4057 Schm.
923 4003 1009 4058 Wibl.
1047 4003 1103 4058 Der
1116 4004 1285 4059 abschreibcr

54 4125 56 4128 -
141 4107 248 4160 sprang
267 4106 319 4143 von
339 4087 401 4141 dem
418 4090 667 4158 voransgehenden
689 4091 825 4145 »eiusdem
846 4090 982 4146 nominis«
1002 4090 1092 4147 sofort
1110 4109 1145 4144 zu
1160 4089 1285 4148 »nominis

141 4194 223 4231 sono«
245 4175 322 4229 iiber.
358 4175 421 4228 Alle
440 4174 485 4228 dic
506 4176 563 4229 vier
586 4177 798 4232 handschriftcn
825 4178 896 4243 (sen.
923 4177 965 4230 Κ1.
992 4177 1084 4232 Scbm.
1115 4179 1173 4233 und
1199 4177 1286 4244 Wibl.]

78 4247 92 4269 '⁹
142 4267 281 4318 stammcn
301 4262 384 4317 somit
404 4279 453 4315 aus
479 4265 554 4319 einer
580 4265 637 4318 und
656 4265 801 4320 derselben
820 4265 925 4334 quelle,
953 4265 1057 4320 welche
1083 4271 1179 4321 zuerst
1202 4267 1286 4321 diesen

144 4350 395 4406 abschreibefehler
414 4352 546 4418 gemacht
566 4351 624 4408 hat.
