2806 4964
685 289 727 352 43

124 486 234 528 eorum
251 485 343 527 usum
360 464 487 526 tantum
502 462 649 540 deservit,
671 462 832 547 habetque
848 485 952 528 arcem
978 465 1145 547 pulchram
1169 489 1277 549 super-

125 569 328 634 eminentem.
381 565 455 630 Alia
478 570 571 648 porta
600 569 646 630 est
677 571 770 649 porta
792 567 903 631 Pontis
934 570 1059 652 gregis,
1094 594 1150 654 per
1183 594 1278 655 quam

126 673 294 737 Danubius
318 675 416 755 ponte
438 671 593 733 transitur
610 669 639 746 ¹,
669 676 708 735 et,
723 671 799 754 quia
822 676 910 735 extra
933 695 1003 736 eam
1027 680 1103 738 suut
1125 675 1276 739 latissimi

126 778 228 861 campi
253 779 291 841 ad
316 797 435 860 pascua
457 797 601 861 gregum,
626 776 743 839 dicitur
766 780 859 859 portu
883 775 995 860 Gregis
1018 780 1133 861 pontis.
1179 781 1277 844 habet

127 883 194 946 haec
216 886 313 965 porta
344 881 460 945 celsam
492 903 594 945 arcem
619 885 651 944 et
674 882 817 945 decoram
841 881 986 964 pluribus
1021 884 1212 948 culminibus
1244 887 1277 948 in

125 1010 265 1065 summo,
290 991 322 1050 et
345 986 501 1068 sculptam
524 1008 648 1050 crucem
670 987 822 1070 grandem
853 988 885 1049 in
919 987 999 1051 facie
1022 989 1106 1072 gerit
1129 1011 1200 1053 cum
1224 990 1278 1054 de·

125 1094 217 1175 pictis
242 1091 437 1178 imaginibus
454 1091 637 1180 Principum
652 1091 835 1155 Electorum
851 1093 976 1175 imperii
999 1076 1154 1157 eteorum
1172 1117 1275 1158 armo-

125 1221 195 1262 rum
217 1196 410 1282 insignibus.
456 1194 494 1259 In
510 1218 547 1260 ea
569 1200 644 1260 sunt
666 1218 789 1279 semper
812 1197 873 1259 duo
890 1198 1045 1262 tubicines
1062 1199 1173 1283 vigiles
1189 1200 1276 1263 clan-

125 1306 236 1388 gentes
261 1307 293 1366 et
317 1301 489 1365 iubilantes
512 1322 604 1364 mane
628 1307 659 1363 et
675 1323 803 1383 vespere
826 1304 858 1363 et
877 1301 979 1364 media
995 1306 1095 1380 nocte,
1118 1308 1150 1367 et
1171 1303 1204 1367 in
1221 1304 1276 1367 ad-

124 1412 222 1472 ventu
247 1411 450 1471 armatorum.
498 1405 617 1470 Contra
639 1405 824 1469 orientalem
848 1405 976 1489 plagam
1007 1428 1071 1469 una
1104 1412 1151 1471 est
1182 1414 1276 1490 porta

123 1513 208 1577 dicta
227 1513 397 1590 Aucarum,
421 1533 491 1594 quae
506 1534 589 1575 nova
605 1514 662 1575 est.
708 1509 784 1574 Haeo
805 1512 878 1574 dum
896 1511 1114 1592 aedificaretur,
1137 1513 1276 1578 iuterro-

122 1618 247 1701 gabant
270 1617 428 1681 artificum
450 1617 597 1700 magistri
613 1616 798 1700 praefectum
814 1639 944 1699 operum
960 1621 992 1680 et
1010 1619 1188 1700 optimates,
1212 1617 1368 1703 quopfit‘lg,

121 1723 254 1787 nomine
269 1745 339 1787 eam
353 1727 511 1801 vocarent,
528 1723 566 1786 ad
582 1723 666 1806 quod
683 1723 811 1804 quidam
829 1723 893 1786 ait:
917 1719 1032 1787 nomen
1047 1723 1164 1788 habeat
1179 1726 1274 1808 primi

121 1827 289 1906 animalis,
320 1828 404 1911 quod
434 1849 579 1911 peream
603 1828 664 1891 iter
687 1826 841 1909 acceperit
864 1827 913 1890 vel
936 1829 1076 1892 exeundo
1100 1829 1149 1892 vel
1171 1830 1274 1893 intro-

121 1933 239 1997 eundo.
280 1933 391 1996 statim
413 1938 536 2010 autem,
566 1936 602 1995 ut
635 1936 745 2015 aperta
768 1931 848 2011 fuit,
872 1933 1000 1997 advenit
1023 1955 1101 2019 grex
1125 1956 1274 1998 aucarum

122 2040 232 2104 exiens
256 2041 296 2103 ad
318 2044 446 2123 pastum
476 2044 508 2104 et
539 2040 578 2103 ad
602 2062 736 2123 aquarn,
772 2042 804 2103 et
826 2044 1014 2123 perpetuum
1036 2061 1151 2103 nomen
1173 2042 1274 2122 portae

121 2143 264 2228 reliquit.
312 2143 389 2208 Haec
410 2149 504 2228 porta
530 2145 738 2209 fundamenta
773 2144 899 2227 quidem
934 2146 1007 2209 altae
1038 2146 1117 2209 arcis
1150 2143 1272 2208 habet2

124 2249 163 2313 ab
188 2250 332 2333 antique,
356 2254 465 2313 nostro
497 2253 604 2313 autem
628 2272 695 2313 aevo
719 2250 858 2313 exaltata
890 2254 938 2314 est
969 2273 1025 2314 arx
1055 2250 1089 2313 in
1120 2250 1272 2328 decorem,

125 2353 281 2417 existente
303 2354 457 2438 magistro
481 2354 597 2418 civium
620 2355 769 2436 prudenti
792 2355 861 2418 viro
882 2354 1007 2419 Joanne
1024 2354 1168 2440 Ehinger
1190 2377 1273 2419 auno

126 2458 248 2523 domini
271 2460 364 2524 1497.
411 2461 538 2525 Extuno
561 2464 667 2525 autem
691 2460 778 2525 aliud
801 2483 916 2525 nomen
939 2461 1059 2543 accepit
1080 2459 1147 2523 haec
1169 2463 1271 2542 porta,

126 2565 227 2649 magis
250 2565 367 2629 rationi
390 2587 563 2630 consonum
585 2571 617 2630 et
640 2566 766 2630 veritati
790 2565 968 2643 conforme,
1001 2565 1076 2648 quia
1098 2587 1171 2647 pars
1194 2565 1271 2628 civi-

127 2670 200 2733 tatis
225 2670 265 2734 ab
288 2671 374 2733 intra
397 2671 486 2734 iuxta
509 2671 598 2734 illam
621 2670 770 2754 portam³
796 2670 911 2733 dicitur
934 2671 973 2734 ad
997 2692 1124 2748 arenas,
1158 2691 1271 2734 nomen

127 2774 190 2838 eius
214 2779 315 2858 portae
338 2776 456 2839 dictum
481 2781 529 2840 est
549 2779 643 2859 porta
667 2775 780 2839 Arenae
803 2775 860 2839 vel·
875 2773 1072 2853 Arenarum,
1096 2775 1272 2859 vulgariter

128 2878 291 2944 Griesthor
314 2885 346 2944 et
376 2903 440 2944 non
464 2880 635 2946 Gansthor.
681 2880 800 2945 Contra
831 2882 1078 2964 septentrionem
1109 2885 1157 2944 est
1180 2887 1272 2965 porta

128 2984 229 3049 sancti
242 2985 421 3050 Leonhardi
437 2986 514 3068 (iarn
530 2987 631 3051 beatas
647 2986 792 3070 Virginis
808 2986 1015 3069 nuncupata),
1040 2987 1115 3070 quia
1131 3009 1186 3069 per
1202 3008 1271 3050 eam

127 3090 188 3154 itur
212 3091 245 3154 in
270 3091 431 3155 ecclesiam
454 3092 556 3156 sancti
580 3090 769 3168 Leonhardi,
791 3091 825 3153 in
848 3113 911 3174 qua
933 3091 1027 3154 beata
1049 3090 1151 3173 Virgo
1174 3091 1272 3153 mira-

128 3197 202 3260 culis
226 3197 344 3261 clarere
367 3199 463 3281 coepit
486 3202 517 3261 et
539 3218 654 3261 nornen
677 3200 778 3280 portae
801 3196 924 3259 tribuit.
949 3195 1017 3258 haec
1039 3199 1133 3278 porta
1146 3195 1271 3257 turrim

127 3300 221 3368 habet
243 3302 343 3365 altam
366 3293 398 3366 et
420 3303 559 3381 firmam,
583 3302 672 3365 cuius
696 3301 861 3383 adspectus
885 3322 1013 3364 auream
1037 3300 1194 3382 sculptam
1217 3300 1271 3362 de·

128 3411 282 3471 monstrat
304 3429 438 3487 crucem,
461 3413 493 3472 et
514 3409 548 3471 in
571 3430 608 3472 ea
630 3411 676 3471 est
700 3407 796 3471 etiam
818 3406 899 3490 vigil
915 3405 1057 3469 tubicina
1078 3403 1128 3466 vel
1143 3401 1271 3467 tubicen

128 3512 275 3597 clangens
306 3513 381 3576 dum
412 3513 504 3577 debet
535 3513 585 3576 vel
612 3513 687 3576 dum
718 3512 797 3575 vult.
843 3509 931 3574 Inter
962 3507 1210 3592 septentrionem
1240 3512 1272 3573 et

129 3618 319 3681 occidentem
340 3622 388 3681 est
411 3621 503 3701 porta
525 3617 628 3696 Nova,
651 3618 699 3681 sic·
719 3617 802 3680 dicta
826 3616 901 3700 quia
925 3615 1049 3678 noviter
1072 3612 1174 3690 facta,
1199 3635 1270 3678 cum

128 3724 204 3787 turri
228 3723 294 3786 alta
317 3727 350 3787 et
373 3728 486 3787 ornata
500 3722 680 3807 insignibus
695 3722 851 3805 passionis
867 3721 1006 3785 Domini.
1053 3718 1171 3783 Contra
1189 3721 1271 3784 occi-

689 3838 706 3878 a

195 3925 208 3976 l
229 3924 330 3992 potens
349 3921 488 3975 transitur
507 3921 580 3975 Mon.
602 3923 623 3975 1.
694 3922 710 3972 2
729 3919 823 3984 habet,
843 3919 890 3973 sed
909 3918 1032 3974 nondum
1051 3920 1093 3972 est
1112 3919 1224 3972 elevata
1242 3919 1272 3972 in

128 4010 222 4066 altum.
260 4010 333 4064 Mon.
354 4010 368 4061 l
389 4008 445 4061 und
465 4007 544 4064 Gold.
564 4011 603 4061 nt.
642 4007 725 4062 Beide
743 4007 836 4060 haben
854 4006 991 4060 demnaoh
1010 4005 1056 4060 die
1075 4007 1178 4069 ¹altere,
1196 4008 1270 4060 erste

127 4096 239 4164 fassnng
258 4095 306 4149 des
325 4097 479 4159 tractatus,
505 4096 573 4149 alles
593 4095 724 4164 folgende
748 4095 790 4147 bis
809 4095 967 4162 vulgariter
986 4092 1137 4148 Griessthor
1162 4098 1191 4145 61
1215 4111 1271 4146 non

129 4183 266 4240 thsthor
285 4183 358 4236 fehlt
377 4183 422 4237 bei
439 4183 540 4247 ihnen;
561 4184 606 4237 die
626 4184 733 4237 andern
751 4183 964 4236 handschriften
976 4181 1069 4234 haben
1087 4196 1114 4232 es
1134 4178 1198 4231 alle.
1235 4179 1270 4230 Es

127 4289 188 4341 mag
207 4271 282 4327 wohl
303 4271 375 4324 noch
393 4270 455 4325 eine
474 4271 674 4340 verbesserung
694 4289 747 4326 von
767 4269 864 4324 Frater
882 4270 959 4324 Felix
978 4268 1065 4322 selbst
1084 4267 1149 4319 sein.
1197 4266 1213 4319 3
1234 4266 1270 4318 ad

127 4377 218 4414 arenas
238 4359 296 4412 sita
316 4360 358 4411 est
379 4358 461 4414 Woll.
500 4358 554 4412 Der
574 4376 656 4412 name
676 4357 817 4412 Gansthor
835 4357 873 4410 ist
892 4356 1025 4424 librigens
1044 4352 1200 4422 geblieben.
