2806 4964
667 311 730 376 222

334 485 420 550 Fons
444 483 490 550 ibi
514 485 660 551 Danubii
683 487 821 571 primum
842 487 1037 553 nanciscitur
1060 492 1178 569 ortum,

335 591 418 668 Qui¹
443 592 522 656 facit
547 590 702 677 Ungaria‚
727 591 899 672 Ruthenia
914 593 1041 659 Gracia
1068 599 1209 680 portum,

377 695 515 780 Alpibus
537 695 630 762 Italic
653 697 808 763 terminus
832 698 899 762 eius
922 700 1020 764 adest.

335 801 397 867 Per
417 801 557 866 medium
580 801 683 885 patrie
706 801 789 866 Reni
812 802 911 867 decet·
924 806 994 868 acta
1016 803 1145 890 referre,

333 906 441 972 Renus
465 908 504 971 ab
528 908 599 991 alpe
622 908 736 973 cadens
759 907 881 973 medius
905 908 993 994 rigat
1015 909 1131 975 intima
1155 909 1241 990 bene,

377 1013 559 1078 Castrorum
584 1014 648 1078 late
671 1013 761 1097 copia
785 1014 887 1078 multa
909 996 1007 1099 patet.

334 1119 441 1184 Renus
464 1119 504 1184 ab
528 1119 668 1204 antiquis
691 1120 879 1186 describitur
903 1123 947 1204 [P]
972 1121 1151 1186 Lemannus
1165 1120 1188 1200 ²,

331 1224 471 1310 Indeque
493 1224 642 1289 nonnulli
664 1224 807 1290 referunt
830 1225 930 1291 dictos
954 1226 1162 1305 Alamannos,

378 1329 438 1395 Sed
462 1352 523 1395 vox
546 1328 698 1414 equivoco
720 1330 852 1394 nomina
874 1329 956 1396 falsa
977 1336 1081 1416 parat.
1206 1335 1208 1339 ’

333 1437 417 1518 lllud
441 1457 500 1521 ego
523 1457 639 1502 nomen
662 1435 725 1500 alia
748 1435 839 1500 video
862 1437 998 1518 racione,

332 1541 492 1626 Quidquid
514 1541 618 1626 prisca
640 1545 761 1621 sonent,
785 1542 869 1626 quod
892 1543 1007 1624 sencio,
1030 1542 1125 1609 litera
1141 1547 1263 1629 promet.

376 1647 489 1712 Lector
512 1647 629 1712 abhinc
652 1647 766 1731 capiat,
791 1670 861 1732 quae
884 1648 995 1739 magis¹
1010 1653 1086 1733 apta
1109 1634 1228 1713 scireut.

333 1752 407 1818 Alle
430 1756 523 1817 sonat
545 1755 660 1831 toturn,
683 1773 756 1816 man
781 1752 838 1818 vir.
863 1750 915 1817 si³
938 1754 1083 1818 teutonia
1104 1753 1214 1837 lingua

332 1858 411 1923 Haec
433 1859 495 1924 duo
518 1857 701 1942 coniungat,
727 1861 830 1923 totum
853 1880 908 1923 vre
930 1857 1039 1925 littera
1062 1859 1180 1944 signat.

274 2192 339 2258 Am
361 2192 483 2257 schluss
507 2193 561 2257 des
584 2191 651 2256 cod.
675 2191 761 2256 Mon.
790 2195 817 2272 l,
841 2191 897 2257 fol.
922 2193 995 2258 254.
1018 2193 1123 2259 steht:

212 2385 467 2471 Descriptionem
485 2384 653 2452 Germanic
668 2385 818 2470 perpauci
839 2389 960 2451 veteres
976 2386 1104 2470 scriptis
1121 2386 1265 2474 aggressi,

124 2493 224 2578 deque
247 2514 357 2557 eorum
372 2493 471 2578 gestis
487 2491 581 2556 latini
604 2514 730 2576 quoque
756 2492 925 2575 scriptores
949 2491 1041 2576 quasi
1069 2492 1267 2576 sompniando

125 2598 321 2663 mentionem
344 2598 382 2662 de
404 2620 441 2662 ea
465 2599 616 2663 fecerunt.
661 2596 712 2662 Ne
743 2598 844 2683 igitur
865 2596 924 2662 hec
945 2597 1136 2663 breuissima
1157 2598 1266 2680 scripta

123 2702 454 2786 Parcialisdermanie
473 2703 506 2767 in
526 2703 659 2767 obscuro
674 2703 803 2783 lateant,
827 2702 899 2788 Ego
912 2702 1135 2768 Hartmannus
1147 2701 1266 2768 Schedel

125 2808 243 2873 artium
254 2814 286 2874 et
298 2809 465 2893 utriusque
478 2807 630 2874 medicine
646 2809 756 2874 doctor
771 2809 854 2874 hanc
869 2808 1044 2874 edicionem
1054 2806 1265 2874 oblectacionis

125 2936 219 2978 causa
242 2914 420 2999 perscripsi.
468 2913 563 2980 Anno
587 2914 707 2979 domini
730 2913 917 2980 Mcdcdcl„
964 2912 1193 2999 Niiremberge.

579 3017 690 3085 LAVS
713 3019 812 3085 ΒΕΘ.

473 3354 541 3419 Auf
561 3356 617 3421 der
640 3354 811 3440 folgenden
833 3355 930 3419 saite:

430 3503 703 3569 AdBeatam
725 3500 977 3588 Virginem.

618 3609 772 3680 Votum>

333 3801 384 3866 Ad
408 3806 464 3866 tua
486 3801 637 3886 confugio
661 3799 794 3884 supplex
817 3799 931 3865 altaria
954 3799 1047 3886 virgo

377 3909 421 3973 Et
443 3908 511 3972 fero
534 3905 736 3989 noctur[n]as
758 3905 793 3970 in
815 3909 871 3969 tua
894 3905 1015 3989 templa
1037 3927 1160 3990 preces:

690 4046 706 4083 *

195 4143 231 4197 11
251 4143 346 4208 Quem.
400 4141 581 4207 28011ον0101
595 4139 710 4196 heissen:
730 4157 788 4195 csse
804 4140 970 4196 Lemannus.
1026 4141 1043 4194 3
1066 4138 1214 4194 Vielleicht
1232 4135 1262 4188 101

122 4231 145 4284 01
166 4231 226 4284 hier
244 4248 278 4284 zu
298 4230 436 4284 streichen
463 4228 521 4282 und
539 4230 614 4282 etwa
639 4245 676 4282 an
702 4227 757 4282 den
777 4228 884 4296 anfang
901 4228 950 4282 dar
968 4226 1120 4296 folgenden
1147 4226 1213 4280 neila
1234 4239 1262 4276 au

122 4320 221 4373 setzen.
258 4319 291 4372 In
308 4318 399 4372 dieser
416 4314 931 4372 10100110τά0ηο0000000001101111010.
968 4314 1026 4371 Soll
1046 4331 1074 4369 es
1089 4314 1146 4369 fere
1164 4310 1262 4373 heila,

122 4405 187 4462 oder
201 4405 283 4461 vero?
312 4406 386 4462 Aber
405 4422 419 4462 0
437 4404 477 4459 101
495 4405 570 4475 lang.
