2806 4964
683 356 749 422 213

228 492 456 595 Rheniautem
479 536 567 596 ortus
583 535 631 597 est
654 554 691 597 ex
714 532 889 615 asperrimo
912 538 943 598 et
958 533 1125 618 scopuloso
1147 537 1255 597 monte
1270 533 1309 632 ¹,

137 655 234 718 quem
257 633 395 700 Michael
427 637 465 701 de
493 636 754 702 memorabilibus
786 637 897 702 mundi
919 638 1065 702 nominat
1088 637 1245 717 Adulam,
1275 660 1294 701 a
1374 690 1377 694 .

137 739 285 822 pluribus
308 741 452 806 fontibus
474 742 509 806 in
532 743 648 807 vallem
671 742 919 808 decurrentibus,

161 959 164 965 '
227 949 318 1017 Gold.
343 952 363 1018 l.
389 950 404 1017 I
426 975 452 1016 c.
477 953 508 1016 4.
547 953 586 1017 de
609 951 791 1017 nominibus
814 954 916 1017 nostri
944 952 1098 1018 territorii
1121 951 1175 1015 Fr.
1199 974 1224 1016 s.
1249 953 1292 1017 54

135 1079 162 1122 Ζ.
189 1059 239 1124 10.
286 1057 372 1123 Ulm.
397 1081 421 1123 s.
448 1059 498 1123 16.
522 1083 547 1124 Ζ.
574 1060 625 1123 17.

226 1157 287 1226 Sed
311 1162 602 1247 circumscriptione
626 1161 832 1246 comportavi.
878 1161 1008 1226 Latini²
1035 1163 1119 1226 enim
1139 1163 1292 1228 historio-

134 1266 255 1351 graphi
276 1268 419 1344 modemi
441 1290 506 1332 non
523 1268 747 1333 intromittunt
769 1290 802 1333 se
825 1268 863 1332 de
886 1268 1096 1352 descriptione
1112 1266 1291 1333 Germaniae

133 1376 267 1456 propter
284 1373 492 1440 barbarorum
517 1374 656 1439 locorum
679 1374 810 1438 nomina
822 1373 846 1452 ⁸,
871 1373 954 1437 sicut
975 1377 1064 1456 patet
1087 1395 1125 1437 ex
1142 1372 1291 1438 Cornelio

133 1475 247 1541 Tacito
285 1481 317 1541 et
352 1500 390 1542 ex
424 1477 607 1544 Ptolemaeo.
660 1477 777 1543 Positis
814 1499 891 1564 ergo
922 1501 961 1544 ex
996 1478 1289 1562 circumscriptione

132 1581 270 1646 duorum
293 1583 462 1648 fluminum
486 1588 544 1649 etc.
1114 1601 1116 1605 ’

224 1736 314 1804 Gold.
339 1739 360 1805 l.
384 1739 400 1805 I
422 1741 492 1806 c.5
521 1743 559 1806 de
593 1742 760 1807 Alemania
783 1741 835 1807 Fr.
860 1765 885 1807 e.
910 1741 952 1806 54
974 1764 1000 1806 Ζ.
1025 1741 1044 1805 5
1075 1763 1104 1805 v.
1135 1763 1165 1805 u.
1211 1740 1289 1807 Ulm

131 1866 157 1910 s.
186 1844 228 1909 16
250 1868 276 1910 Ζ.
301 1848 340 1910 11
366 1868 397 1912 v.
420 1869 450 1911 u.

116 1972 118 1976 ·
222 1949 290 2014 Alii
312 1951 422 2016 dicunt
452 1954 537 2037 quod
560 1952 717 2018 Lemanus
747 1953 871 2017 dicatur
903 1951 1032 2037 quidam
1055 1951 1170 2016 fluvius
1193 1956 1286 2018 terrae

130 2060 250 2121 nostrae
273 2079 291 2120 a
314 2079 377 2142 quo
398 2056 568 2123 Alemania
590 2059 632 2122 sit
655 2059 866 2123 denominata.
914 2055 976 2120 Hic
999 2055 1141 2120 fluvius⁴
1165 2061 1213 2121 est
1230 2057 1284 2122 ille

132 2161 188 2246 qui
204 2183 243 2226 ex
259 2160 503 2227 Thuricensium
518 2163 589 2227 lacu
603 2162 720 2246 prodit,
742 2162 797 2246 qui
812 2161 928 2227 dicitur
943 2159 1038 2226 Lema
1053 2161 1104 2224 vel
1118 2159 1286 2241 bemanus,

130 2253 229 2351 quem
243 2267 365 2333 ruditas
380 2267 470 2351 vulgi
493 2267 637 2332 nominat
652 2266 766 2345 Limat,
790 2267 943 2332 mutando
965 2288 982 2330 e
997 2265 1031 2329 in
1054 2265 1102 2329 i⁶.
1149 2265 1285 2342 Quidam

130 2394 207 2437 vero
230 2364 340 2437 dicunt
361 2373 466 2438 lacum
489 2372 765 2443 Constantiensem
789 2372 851 2437 dici
873 2372 1056 2450 Lemonum,
1080 2393 1100 2434 a
1122 2394 1185 2455 quo
1209 2373 1286 2436 Ale·

131 2479 246 2543 maniae
262 2501 376 2544 nomen
392 2502 486 2544 suum
502 2468 674 2545 affirmant.
711 2479 778 2545 Alii
794 2479 967 2562 opinantur
983 2477 1066 2562 quod
1083 2478 1209 2560 acopis
1225 2483 1284 2543 etc.

96 2761 101 2768 ¹
220 2687 310 2753 Gold.
335 2690 355 2756 l.
378 2687 396 2761 I
417 2710 443 2754 c.
468 2692 487 2755 6
511 2690 549 2754 de
572 2690 694 2754 ratione
716 2712 801 2754 nom.
820 2688 997 2753 Germaniae
1021 2688 1073 2752 Fr.
1098 2711 1122 2752 s.
1148 2688 1189 2752 55
1211 2710 1237 2754 Ζ.
1264 2688 1283 2750 6

129 2815 156 2857 v.
181 2817 214 2857 u.
262 2792 348 2859 Ulrn.
373 2817 398 2859 s.
424 2795 463 2859 16
487 2795 588 2878 spelte
611 2796 641 2874 2,
664 2818 689 2858 Ζ.
714 2795 765 2858 31.

218 2898 370 2963 Crescunt
403 2901 442 2964 ad
477 2921 602 2964 omnem
634 2905 757 2984 partem
788 2906 819 2966 et
853 2902 972 2966 alienas
1007 2901 1094 2965 sedes
1129 2922 1282 2983 occupare

129 3008 278 3088 quaerunt
291 3004 311 3070 ⁸.
358 3004 485 3070 Dicitur
515 3006 612 3070 etiam
636 3005 805 3071 Germania
837 3007 912 3092 quia
933 3007 1045 3092 populi
1075 3005 1161 3070 illius
1189 3009 1282 3069 terrae

128 3111 205 3171 sunt
229 3106 333 3192 magis
356 3109 583 3194 consanguinei
607 3114 639 3174 et
661 3111 805 3194 germani
820 3112 947 3192 fratreS,
972 3110 1047 3196 quia
1070 3100 1283 3192 cuiuscunque

129 3215 278 3298 regiones
293 3213 446 3279 minime⁷
462 3215 597 3278 aliarum
612 3216 757 3299 gentium
771 3216 919 3300 hospitiis
935 3220 1010 3281 sunt
1025 3215 1141 3294 mixtae,
1159 3219 1194 3278 ut
1207 3213 1284 3278 dicit

127 3313 295 3381 Cornelius
312 3317 440 3383 Tacitus
463 3319 502 3383 de
523 3318 590 3382 vita
613 3322 644 3383 et
666 3320 807 3385 moribus
831 3319 1007 3386 Germaniae
1018 3320 1039 3385 ⁸.
1086 3320 1163 3397 Quis
1187 3318 1281 3399 enim,

694 3455 711 3494 a

200 3559 215 3612 1
236 3558 396 3629 asperrimis
416 3563 445 3615 et
463 3561 606 3632 scopuloso
624 3565 719 3620 monte
738 3564 811 3620 Mon.
831 3565 855 3618 2.
903 3564 1063 3634 asperrimis
1081 3568 1110 3620 et
1128 3565 1280 3636 scopulosis

127 3647 272 3704 montanis
291 3647 370 3703 Gold.
459 3649 659 3719 Dasfolgende
677 3668 759 3720 quem
784 3651 901 3707 Michael
927 3651 970 3706 bis
995 3652 1117 3708 Adulam
1143 3653 1216 3708 fehlt
1235 3653 1280 3709 bei

126 3733 209 3790 Gold.
281 3736 297 3788 2
316 3734 411 3789 Latini
430 3735 472 3789 his
491 3736 652 3794 Ptolemaeo
671 3740 743 3794 fehlt
761 3740 807 3795 bei
821 3740 901 3797 Gold.
975 3743 990 3796 3
1010 3740 1195 3797 barbarorum
1209 3742 1280 3799 loco·

126 3841 191 3877 rum
212 3821 324 3878 nomine
341 3822 401 3877 Sah.
438 3824 598 3880 barbariem
617 3827 739 3883 locorum
758 3829 902 3886 nominum
922 3828 995 3883 Mon.
1013 3830 1038 3883 2.
1057 3828 1102 3882 Kl.
1194 3832 1210 3883 4
1230 3829 1281 3885 Hic

125 3909 227 3965 fluvius
252 3909 294 3964 bis
316 3911 462 3966 affirmant
488 3913 581 3968 huben
609 3914 682 3970 Mon.
702 3917 726 3971 2.
755 3916 815 3970 Sch.
836 3915 879 3972 Kl.
922 3915 971 3971 Bei
994 3916 1073 3971 Gold.
1093 3917 1166 3972 fehlt
1190 3916 1279 3971 dieser

123 4015 238 4068 passum
263 4015 293 4053 er
318 3999 376 4052 und
406 3998 478 4056 Mon.
500 4003 524 4055 l.
550 4001 642 4056 haben
666 4001 761 4057 delur:
786 4003 840 4058 Sed
858 4003 906 4056 ubi
925 4003 1026 4057 fluvius
1043 4003 1093 4058 ille
1117 4004 1153 4057 sit
1177 4003 1222 4056 vel
1249 4002 1278 4056 in

123 4104 187 4156 quae
207 4088 296 4157 parte,
315 4087 441 4144 invenire
460 4106 516 4143 non
535 4089 623 4159 potui.
704 4095 719 4144 5
738 4091 875 4148 mutando
898 4092 933 4146 de
956 4092 1020 4148 ein
1044 4091 1054 4143 i
1073 4091 1146 4147 Mon.
1165 4091 1189 4144 2.
1261 4091 1278 4143 6

122 4191 260 4245 occupare
278 4178 417 4246 quarunt.
455 4177 515 4233 Von
534 4176 594 4232 hier
612 4177 654 4231 bis
673 4181 847 4234 monstruoso
860 4182 988 4249 respectu
1007 4178 1127 4232 aliarum
1149 4175 1277 4246 gentium

121 4263 197 4319 fehlt
219 4263 287 4318 alles
310 4262 353 4318 bei
371 4263 452 4320 Gold.
525 4267 589 4319 ‘let
610 4265 734 4320 minimae
753 4265 811 4331 Kl.;
839 4266 883 4320 die
902 4266 983 4321 stelle
1003 4266 1041 4319 ist
1059 4264 1122 4319 Tac.
1142 4263 1232 4317 Germ.
1252 4265 1276 4317 2.

120 4351 189 4406 sset
208 4350 332 4406 moribus
360 4351 525 4429 (jxermaniae.
545 4353 587 4407 bis
608 4353 704 4410 hieher
726 4355 798 4411 Mon.
818 4357 843 4412 2.
887 4355 1029 4411 Letaterer
1046 4356 1117 4410 setzt
1142 4352 1225 4406 hinzu
1249 4356 1278 4408 et

120 4438 208 4508 plura
227 4438 294 4493 alia.
330 4439 387 4493 Das
405 4439 537 4510 folgende
555 4441 606 4496 hat
625 4459 678 4494 nur
697 4441 758 4497 Sch.
777 4443 834 4496 und
853 4443 897 4499 Kl.

173 4545 301 4585 ‘fracturus
316 4545 458 4605 decivitate
474 4546 584 4588 ulmsnsl.
1034 4529 1062 4581 ll
