2806 4964
671 321 712 384 42

19 489 235 568 ,2⁰¹,lqbabere
268 493 498 559 auctoritatem.
552 494 715 579 Praecipue
747 501 852 561 tamen
883 498 1057 563 maioribus
1092 501 1271 588 privilegiis

117 598 235 682 gaudet
258 598 329 662 aliis
351 597 495 682 plebanis
519 599 552 662 in
576 600 700 664 casibus
734 601 964 684 episcopalibus
997 610 1029 666 et
1058 603 1092 667 in
1124 595 1270 688 pluribus

118 703 188 767 aliis
211 726 281 787 quae
304 707 440 769 transeo.

204 808 309 894 Igitur
331 814 404 892 post
427 810 563 874 ecclesiae
586 811 778 893 parochialis
808 813 1051 876 translationem
1080 818 1113 878 et
1135 815 1270 879 reaedifi-

118 915 275 978 cationem
307 918 339 978 et
369 914 636 979 consecrationem
667 916 803 1000 regressi
834 921 909 980 sunt
938 915 1105 982 Ulmenses
1136 921 1177 984 ad
1207 943 1270 984 suae

119 1019 257 1083 civitatis
281 1018 524 1100 completionem
547 1023 580 1083 et
602 1042 766 1084 murorum
789 1042 846 1103 per
878 1043 995 1104 gyrum
1026 1022 1270 1103 conclusionem,

119 1145 183 1186 non
213 1122 297 1186 enim
328 1126 396 1186 erat
429 1122 532 1186 adhuc
564 1123 703 1205 undique
733 1123 840 1188 clausa
872 1125 993 1190 civitas.
1044 1127 1091 1190 Ad
1122 1150 1271 1191 consum·

121 1228 291 1291 mationem
316 1232 421 1292 autem
445 1228 548 1311 operis
573 1250 681 1292 omnes
704 1250 817 1292 manus
841 1236 1058 1313 apposuerunt
1073 1232 1171 1296 etiam
1187 1233 1271 1315 opti·

120 1337 221 1397 mates
244 1333 403 1412 civitatis,
438 1338 469 1397 et
500 1355 563 1418 quo
595 1334 698 1397 adhuc
720 1334 884 1418 probiores
907 1336 1037 1400 fuerunt
1061 1337 1271 1419 optimatibus

120 1437 314 1514 Jerusalem,
343 1438 377 1501 in
407 1439 496 1502 ouius
520 1440 783 1504 restaurationem
815 1462 877 1503 non
910 1445 1126 1524 apposuerunt
1149 1465 1272 1520 manus,

122 1548 158 1607 ut
180 1544 316 1607 habetur
339 1544 472 1608 Nehem.
498 1546 528 1609 2.
574 1545 618 1609 Et
641 1551 809 1610 erexerunt
825 1547 920 1610 etiam
937 1545 1016 1609 alias
1036 1538 1141 1609 turres
1158 1551 1273 1628 praeter

122 1671 208 1712 arces
231 1651 407 1732 portarum,
431 1652 463 1713 et
486 1650 561 1734 quia
584 1651 719 1733 populus
741 1653 775 1714 in
799 1652 864 1716 dies
888 1651 1184 1734 multiplicabatur,
1218 1652 1274 1735 fie-

122 1754 241 1836 batque
265 1754 377 1818 civitas
393 1756 600 1839 negotiativa,
624 1756 812 1820 addiderunt
828 1755 931 1820 adhuc
946 1756 1024 1819 duas
1040 1759 1149 1839 portas
1171 1755 1275 1820 tribus

123 1858 194 1922 aliis
217 1859 306 1942 prius
331 1859 503 1936 aedificatis,
527 1865 654 1942 portam
678 1859 802 1925 Novam
827 1865 858 1925 et
881 1865 1007 1945 portam
1032 1861 1215 1941 Auoarum,
1246 1866 1278 1925 at

123 1965 169 2028 ita
191 1969 266 2028 sunt
294 1963 388 2028 factae
421 1965 560 2049 quinque
590 1970 710 2049 porta,
742 1966 861 2030 scilicet
893 1953 987 2050 porta
1016 1965 1128 2030 Pontis
1160 1969 1279 2051 gregis,

96 2106 99 2110 ·
123 2074 217 2153 porta
231 2069 333 2133 beatae
352 2067 506 2153 Virginis,
530 2074 622 2152 porta
639 2069 742 2150 Nova,
758 2075 851 2155 porta
868 2070 1119 2156 Gbgglingensis
1135 2076 1169 2136 et
1183 2076 1283 2155 porta

126 2176 294 2240 Aucarum.
341 2173 422 2239 Sunt
457 2179 490 2238 et
522 2176 593 2239 aliae
621 2181 722 2259 portae
754 2181 865 2241 contra
887 2176 1072 2241 Danubium
1104 2198 1213 2260 parvae
1248 2181 1283 2240 et

124 2300 186 2341 non
204 2278 340 2356 usitatae,
358 2280 396 2343 de
412 2280 526 2363 quibus
542 2302 607 2344 non
623 2285 671 2344 est
686 2282 842 2366 ingressio
859 2305 915 2346 nec
932 2282 1070 2366 egressio
1087 2281 1282 2360 alienorum,

124 2384 194 2448 ideo
217 2407 281 2448 non
303 2388 522 2450 numerantur.

645 2655 711 2726 Cap.
730 2655 766 2711 2..

29 2794 122 2917 Ξὲεξῗζ
197 2809 255 2873 De
287 2805 536 2871 formavel
568 2806 692 2870 facie
724 2805 945 2870 civitatis
979 2806 1220 2874 ulmensis.

214 3000 312 3066 Ulma
334 2999 445 3063 civitas
469 3019 487 3060 a
503 3000 645 3080 tempore
661 3018 726 3060 suaa
742 2995 968 3079 ampliationis,
993 2996 1032 3060 ab
1058 3019 1144 3062 anno
1160 2999 1277 3064 scilicet

130 3107 214 3170 1138
236 3126 336 3189 usque
360 3104 399 3167 ad
430 3124 549 3166 annum
572 3105 759 3184 praesentem
786 3101 868 3165 1488
886 3101 906 3180 ¹,
941 3102 1031 3166 stetit
1061 3103 1095 3166 in
1128 3105 1277 3168 continuo

128 3213 340 3288 incremeut0,
373 3230 537 3293 quousque
569 3208 702 3270 deducta
731 3211 779 3270 est
802 3207 835 3269 in
865 3207 1002 3271 formam
1031 3208 1279 3291 pulcherrimam

128 3316 219 3382 faciei
251 3314 363 3392 huius,
395 3336 490 3397 quam
522 3334 605 3376 nunc
634 3313 668 3374 in
700 3313 942 3395 praesentiarum
973 3313 1141 3378 cernimus.
1190 3313 1279 3378 Hanc

129 3423 265 3486 formam
288 3419 456 3503 dupliciter
478 3418 676 3482 considerare
698 3439 884 3500 possumus,
918 3418 957 3481 ab
992 3422 1083 3482 extra
1106 3418 1229 3484 scilicet
1252 3425 1282 3483 et

130 3528 169 3591 ab
191 3527 288 3590 iutra.
335 3525 386 3589 Ab
422 3526 511 3588 extra
541 3522 638 3587 talem
666 3523 764 3586 habet
795 3522 1044 3606 dispositionem.
1092 3523 1152 3586 Est
1189 3523 1282 3589 Ulnia

130 3633 241 3696 civitas
264 3631 297 3694 in
326 3629 420 3693 litore
442 3628 585 3693 Danubii
614 3629 705 3712 quasi
736 3629 769 3691 in
804 3628 920 3693 circulo
952 3627 1114 3693 collocata.
1162 3628 1282 3694 Contra

130 3735 369 3801 meridionalem
390 3734 520 3820 plagam
543 3733 641 3798 habet
663 3738 771 3817 portas
792 3733 880 3812 duas,
904 3732 1024 3797 scilicet
1039 3732 1247 3798 Lanistarum
1261 3731 1281 3813 ⁹,

97 3911 107 3916 ,,
131 3864 187 3926 per
210 3862 304 3925 quam
328 3843 376 3903 est
398 3839 499 3903 exitus
529 3839 561 3902 in
590 3838 757 3902 macellum
780 3843 812 3902 et
835 3839 874 3902 ad
899 3837 1046 3902 Blauium
1068 3838 1205 3903 fiuvium
1228 3839 1281 3924 qui

132 3947 178 4011 ibi
200 3945 299 4009 muris
322 3945 461 4008 inclusus
484 3945 674 4028 pertransit,
708 3948 740 4008 et
762 3943 878 4007 dicitur
900 3942 1107 4022 lanistarum,
1145 3945 1221 4026 quia
1244 3946 1280 4008 ad

699 4105 717 4144 *

206 4219 217 4269 l
239 4214 307 4268 1454
328 4213 400 4268 Mon.
421 4211 445 4276 1,
465 4213 532 4266 aber
551 4211 603 4266 mit
622 4215 697 4268 roter
725 4212 798 4266 tinte
820 4211 858 4266 ist
882 4211 1187 4280 dartibergeschrieben
1209 4212 1281 4267 1488.

136 4304 201 4358 1454
220 4301 407 4357 1111160111.
427 4303 467 4355 ut.
505 4301 573 4354 1488
586 4301 685 4354 Schad.
699 4299 741 4354 Kl.
755 4299 857 4354 ebenso
877 4299 979 4353 Mon.2
998 4298 1046 4354 fol.
1061 4297 1113 4354 193
1127 4298 1157 4352 Β.
1194 4301 1211 4354 2
1231 4299 1282 4353 Der

134 4391 205 4446 noch
224 4391 355 4445 stehende
375 4387 605 4458 Metagerthurm.
