2806 4964
440 1531 441 1534 w
501 1411 728 1516 Principale
754 1411 818 1495 lV.

308 1599 350 1666 lle
373 1598 485 1665 ordine
508 1600 621 1683 populi
644 1600 678 1666 in
702 1599 837 1666 civitate
860 1597 1008 1664 ulmensi.

173 1846 332 1922 Quartum
354 1844 529 1929 principale
552 1850 599 1909 est
615 1846 652 1910 de
667 1845 778 1930 populi
797 1845 935 1909 civitatis
959 1843 1110 1910 ulmensis
1127 1843 1236 1906 ordine

81 1958 117 2017 et
133 1953 288 2017 divisione
304 1974 360 2035 per
376 1951 541 2014 distinctas
558 1951 733 2015 societates.
780 1948 860 2014 Cum
875 1949 960 2014 enim
984 1948 1096 2013 civitas
1112 1947 1235 2012 ulmen-

80 2058 128 2120 sis
153 2057 195 2121 sit
217 2057 312 2139 plena
334 2056 452 2140 populo
486 2060 518 2120 et
540 2053 635 2118 multi
657 2054 749 2119 valde
773 2056 837 2119 sint
860 2055 910 2118 sui
940 2054 1157 2132 habitatores,
1190 2053 1236 2116 ita

80 2163 169 2247 quod
193 2163 227 2225 in
255 2161 438 2225 civitatibus
470 2160 567 2243 triplo
596 2160 770 2224 maioribus
799 2182 863 2224 non
893 2160 957 2224 sint
985 2163 1084 2223 tantae
1114 2162 1235 2244 gentes,

81 2288 210 2331 necesse
233 2270 280 2330 est
304 2289 370 2331 esse
393 2266 550 2344 ordinem,
581 2289 653 2330 cum
680 2266 852 2330 multitudo
880 2266 985 2350 pariat
1007 2263 1234 2344 confusionem,

80 2371 140 2436 ubi
164 2371 284 2436 scilicet
307 2376 355 2436 est
377 2372 550 2437 multitudo
573 2372 641 2437 sine
664 2373 787 2450 ordine3
821 2371 896 2457 quia
923 2393 1045 2454 semper
1067 2370 1101 2433 in
1124 2368 1235 2433 multi-

80 2476 195 2541 tudine
218 2477 419 2562 inaequalitas
443 2478 600 2561 reperitur
623 2481 655 2542 et
677 2477 733 2541 illa
756 2478 957 2563 inaequalitas
981 2475 1124 2540 ordinem
1147 2474 1235 2552 facit,

83 2605 159 2647 cum
182 2583 265 2647 inter
288 2584 424 2668 aequales
448 2585 524 2647 ordo
548 2605 614 2648 esse
637 2605 701 2647 non
722 2584 832 2666 possit.
878 2582 971 2646 Unde
986 2579 1237 2663 Philosophusd

84 2685 315 2772 politicorum¹
337 2688 453 2771 probat
484 2687 646 2752 civitatem
675 2689 767 2752 bonae
793 2687 914 2771 politiae
946 2690 1090 2750 constare
1112 2707 1177 2748 non
1198 2706 1237 2748 ex

83 2815 152 2856 una
176 2797 276 2875 parte,
300 2790 360 2855 hcc
382 2795 430 2854 est
453 2813 518 2855 non
541 2814 578 2856 ex
602 2791 778 2876 aequalibus
801 2790 932 2869 civibus,
957 2791 1011 2854 sed
1027 2788 1235 2873 expluribus

83 2900 124 2960 ut
147 2897 213 2960 sint
230 2896 413 2960 differentes
425 2896 632 2960 habitatores.
679 2894 761 2959 Sunt
777 2899 883 2959 autem
899 2895 932 2958 in
957 2895 1085 2959 civitate
1101 2894 1236 2958 ulmensi

83 3004 207 3084 septem
231 3000 347 3075 civium
379 3000 587 3079 differentiae,
619 3003 741 3083 septem
772 2999 923 3064 facientes
950 3005 1067 3075 111111;
1100 3003 1237 3082 suntque

87 3107 183 3191 quasi
214 3110 333 3188 septem
369 3107 523 3170 1111111111
558 3105 674 3189 quibus
708 3105 886 3188 respublica
916 3105 1055 3169 civitatis
1086 3105 1236 3168 ulmensis

84 3214 298 3290 sustentatur,
322 3234 400 3296 quas
424 3216 544 3295 septem
567 3212 729 3275 columnas
752 3214 872 3276 aeterna
886 3210 1043 3294 sapientia
1059 3208 1175 3273 excidit
1197 3208 1236 3270 ad

84 3315 304 3380 aedificandam
320 3316 382 3379 sibi
406 3316 545 3393 domum,
570 3315 642 3401 Sap.
660 3319 680 3381 9
695 3315 726 3394 2;
751 3318 889 3396 domum,
913 3318 1052 3399 inquam,
1075 3314 1170 3377 huius
1189 3311 1236 3375 al-

83 3445 147 3485 mae
171 3421 310 3486 civitatis
333 3421 506 3499 Ulmensis,
530 3423 618 3486 cuius
641 3423 777 3487 civilitas
800 3422 851 3485 his
874 3425 993 3504 septem
1010 3419 1236 3502 distinguitur:

176 3525 276 3589 Primi
306 3531 381 3590 sunt
414 3528 590 3591 sacerdotes
625 3531 656 3592 11
679 3527 840 3611 religiosi,
873 3549 929 3609 per
952 3547 1030 3609 quos
1059 3521 1238 3606 respublica

84 3628 271 3695 coelestibus
295 3636 326 3694 et
349 3631 416 3696 Deo
440 3633 595 3717 iungitur.

176 3734 312 3799 Secundi
334 3737 457 3802 nobiles
480 3741 512 3802 et
534 3740 691 3823 generosi,
715 3761 770 3821 per
793 3761 872 3822 quos
897 3737 993 3800 armis
1009 3734 1183 3819 acquiritur
1206 3740 1238 3800 11

85 3840 282 3905 defensatur.

177 3945 279 4010 Tertii
302 3949 517 4030 praecellentes
541 3954 572 4013 et
596 3949 720 4028 famosi,
746 3970 801 4031 per
824 3970 902 4030 quos
919 3946 1098 4031 respublica
1119 3947 1236 4030 guber-

85 4034 185 4115 natur
208 4056 241 4115 et
264 4053 394 4137 regitur.
495 4069 497 4072 ⁴

651 4197 666 4232 ’l‘

163 4305 174 4355 1
194 4305 212 4357 4
230 4259 381 4373 polliceor.
401 4304 473 4359 onon.
493 4304 518 4356 a.
536 4303 582 4357 11.
626 4305 744 4359 neonae.
764 4270 861 4358 socae.
884 4302 1005 4358 eceman.
1025 4302 1067 4355 11.
1151 4300 1167 4351 2
1187 4299 1237 4351 one

86 4392 171 4445 stelle
188 4390 226 4445 111
245 4390 383 4445 vielmehr
401 4389 481 4445 Prov.
500 4392 524 4453 9,
546 4393 569 4444 1.

141 4497 269 4538 'fraudatus
285 4497 314 4535 de
329 4495 426 4535 civitate
441 4497 549 4538 ulm'enel.
1012 4495 1029 4545 4
