2806 4964
677 368 738 434 195

125 541 198 605 dam
217 542 277 606 sub
292 542 385 606 undis
401 542 560 627 capitibus
576 543 699 609 assidue
714 549 877 628 pascentes
894 546 959 610 fere
975 548 1013 611 ad
1030 547 1278 613 submersionem

124 650 156 710 et
171 647 413 711 suffocationem
436 670 536 732 usque
551 648 722 714 detineant.
769 650 819 714 Ex
842 651 925 715 arvis
948 656 1054 716 alitem
1080 658 1115 716 ut
1130 648 1294 732 evaserit,

125 775 254 818 cursum
276 774 350 816 mox
373 753 507 817 resumit
529 756 561 816 et
583 754 683 838 quasi
705 755 798 820 laetus
822 755 951 821 Ulmam
974 757 1118 821 faucibus
1141 757 1204 821 sibi
1219 759 1279 822 soli

126 861 158 921 et
181 879 306 940 semper
328 857 446 940 apertis
461 857 651 942 ingreditur,
675 861 811 925 multam
825 861 875 924 illi
897 861 1020 926 civitati
1043 863 1177 936 afferens
1192 884 1276 927 com-

124 963 323 1027 moditatem.
367 962 547 1046 Expeditus
577 986 651 1030 vero
678 965 712 1029 in
743 964 839 1031 Ulma
869 967 937 1031 sine
965 988 1054 1031 mora
1086 990 1141 1050 per
1172 967 1278 1032 fauces

125 1089 291 1132 murorum
306 1071 453 1153 erumpit,
477 1092 614 1154 moxque
630 1071 664 1134 in
687 1094 812 1137 sacrum
827 1072 1012 1137 Danubium
1028 1074 1174 1137 exultans
1192 1073 1278 1152 salit,

125 1179 147 1237 a'
159 1195 224 1257 quo
248 1174 316 1238 sine
332 1175 581 1241 contradictione
596 1169 759 1261 susceptus
782 1181 814 1242 et
829 1176 941 1242 Jasoni
957 1178 1078 1241 dicatus
1093 1177 1127 1241 in
1142 1182 1278 1261 pontum

125 1276 292 1342 Euxinum
308 1284 340 1344 et
354 1302 441 1344 mare
457 1279 606 1345 defertur.
629 1282 737 1366 ibique
749 1281 918 1368 peregrina
933 1282 1111 1347 conditione
1134 1289 1279 1366 suscepta

125 1383 298 1468 impatiens
321 1384 542 1450 amaritudinis
566 1387 686 1451 occulte
708 1410 805 1451 venas
827 1387 1008 1471 ingreditur
1030 1392 1137 1467 terrae,
1169 1392 1201 1452 et
1223 1411 1279 1470 per

126 1489 367 1576 investigabiles
390 1490 457 1556 vias
479 1493 604 1571 vadens,
623 1492 797 1558 artissimas
809 1497 956 1577 penetrat
968 1498 1062 1557 terrae
1075 1497 1106 1556 et
1116 1497 1279 1577 petrarum

127 1594 292 1674 scissuras,
315 1596 362 1659 ita
384 1600 421 1662 ut
443 1596 558 1681 pellem
581 1620 730 1678 amaram,
755 1621 817 1682 qua
839 1599 873 1662 in
893 1603 992 1682 ponto
1016 1599 1149 1662 vestitus
1165 1598 1277 1678 fuerat,

127 1698 261 1777 sabulo,
284 1701 393 1783 patrie,
417 1707 450 1767 et
471 1705 564 1768 terrae
585 1703 757 1768 baerentem
781 1706 988 1789 derelinquat.
1022 1705 1128 1788 sicque
1151 1705 1280 1769 tandem

127 1803 161 1867 in
185 1804 300 1883 locum,
323 1806 406 1870 unde
432 1812 642 1888 emanaverat,
666 1808 859 1893 perveniens,
883 1809 993 1888 dulcis,
1016 1810 1119 1873 clarus
1142 1812 1174 1874 et
1189 1814 1280 1893 pota·

125 1907 202 1972 bilis
235 1909 351 1974 iterum
385 1912 423 1975 de
446 1917 532 1976 terra
554 1913 709 1996 erumpit,
741 1917 778 1978 ut
808 1913 925 1978 iterum
949 1915 1046 1993 fluat,
1077 1915 1168 1978 iuxta
1200 1915 1280 1978 illud

126 2013 329 2080 Ecclesiastae
354 2018 388 2081 1:
422 2019 461 2082 ad
484 2008 589 2082 locum
617 2020 701 2083 unde
723 2023 840 2083 exeunt
862 2019 994 2083 flumina
1016 2023 1219 2083 revertuntur
1242 2023 1279 2082 ut

125 2120 245 2184 iterum
268 2120 379 2187 fluant.
425 2121 459 2186 Si
482 2144 551 2207 quae
585 2146 676 2207 aquae
708 2147 781 2189 vero
814 2147 869 2208 per
891 2128 982 2189 terrae
1005 2125 1124 2188 viscera
1146 2125 1185 2188 ad
1209 2124 1278 2190 loca

124 2248 184 2289 sua
206 2215 245 2288 de
267 2228 350 2290 mari
373 2229 488 2292 reverti
519 2251 581 2293 non
606 2229 786 2313 potuerint,
818 2252 893 2294 rnox
922 2230 1039 2294 haustu
1068 2229 1207 2293 siderum
1237 2231 1275 2292 de

124 2330 206 2394 mari
219 2329 379 2395 tolluntur
394 2338 426 2396 et
441 2333 475 2396 in
486 2335 623 2398 nubibus
640 2335 679 2399 ad
692 2357 755 2398 suae
771 2334 910 2418 regionis
921 2335 991 2398 loca
1000 2333 1273 2409 transmittuntur,

124 2435 234 2519 ibique
251 2440 343 2508 tenrae
366 2437 572 2502 fecundanda
586 2438 801 2502 infunduntur
824 2437 955 2503 diversis
977 2438 1012 2501 in
1028 2437 1200 2520 speciebus,
1225 2437 1274 2500 vel

122 2539 223 2617 roris,
253 2545 310 2604 aut
331 2540 468 2624 pluviae,
501 2542 642 2625 pruinae,
663 2534 769 2620 nivis,
802 2541 978 2627 grandinis
1012 2541 1094 2605 unde
1118 2564 1137 2605 a
1159 2547 1275 2605 natura

121 2648 245 2728 paratae
268 2649 343 2709 sunt
358 2646 504 2729 quaedam
526 2646 626 2710 foveae
648 2645 682 2708 in
699 2649 794 2724 terra,
819 2647 857 2710 ad
881 2669 959 2730 quas
976 2646 1169 2711 confluentes
1185 2667 1274 2730 aquae
1300 2687 1301 2691 =

123 2755 293 2816 recurrunt
322 2751 409 2815 etin
432 2752 533 2817 foveis
565 2774 622 2836 per
646 2774 740 2815 venas
764 2753 960 2816 transfluunt
982 2752 1015 2815 in
1039 2752 1160 2830 locurn,
1192 2750 1275 2815 unde

123 2854 256 2920 effluere
286 2854 416 2920 habent.
461 2856 532 2921 Hoc
565 2857 730 2941 signanter
761 2861 892 2921 notatur
922 2857 956 2920 in
987 2857 1113 2939 alpibus
1145 2855 1273 2948 Sueviae,

121 2961 179 3025 ubi
203 2961 353 3025 videntur
381 2961 491 3026 multae
514 2962 615 3026 foveae
650 2963 741 3046 quasi
763 2963 873 3027 calices
904 2962 1060 3025 infundo
1092 2960 1272 3045 perforatae,

124 3066 163 3129 ad
188 3089 267 3149 quas
290 3066 445 3150 pluviales
469 3072 501 3132 et
522 3068 643 3132 nivales
667 3090 757 3152 aquae
780 3068 951 3132 transfusae
979 3070 1207 3151 demerguntur
1240 3065 1274 3128 in

124 3177 242 3257 stagna
258 3155 473 3252 subterranea,
497 3175 535 3238 de
552 3173 666 3256 quibus
681 3174 797 3237 iterum
814 3174 981 3238 ebulliunt.
1011 3171 1131 3236 Idcirco
1147 3172 1274 3255 quando

121 3276 156 3339 in
180 3277 305 3360 alpibus
328 3277 449 3342 Sueviae
471 3282 546 3342 sunt
567 3279 676 3343 multae
701 3279 815 3363 pluviae
838 3279 888 3343 vel
911 3279 1117 3343 resolutiones
1140 3277 1272 3355 nivium,

122 3381 257 3446 Blauius
272 3384 344 3448 fons
360 3388 392 3448 et
409 3385 463 3448 alii
478 3384 582 3449 fontes
593 3384 771 3448 redundant
786 3385 888 3469 magis
905 3386 995 3466 aquis
1011 3386 1043 3446 et
1060 3381 1273 3445 abundantius

123 3509 176 3551 eas
200 3488 349 3552 fundunt.
396 3489 445 3552 Ex
476 3490 592 3573 quibus
623 3495 712 3573 patet
735 3489 883 3553 Blauium
918 3512 936 3553 a
967 3489 1040 3574 polo
1071 3492 1143 3550 eta
1176 3490 1274 3570 ponto

122 3594 241 3657 habere
265 3616 372 3678 aquas,
397 3617 475 3678 quas
499 3595 623 3679 antiqui
645 3595 845 3659 crediderunt
867 3594 1042 3658 ministerio
1066 3597 1098 3657 et
1120 3591 1371 3684 regiminagf’ffffi

121 3698 348 3783 Nympharum
371 3704 402 3763 et
424 3699 589 3764 Musarum
622 3699 680 3764 sub
705 3700 794 3783 aquis
817 3722 922 3764 moras
945 3698 1130 3762 habentium
1164 3697 1274 3762 deduci

123 3803 157 3867 in
180 3807 309 3867 terram.
356 3802 449 3868 Unde
472 3804 633 3888 contingit
653 3805 687 3867 in
712 3805 816 3868 sonitu
841 3803 1018 3888 aquarum¹
1042 3807 1274 3886 superterram

123 3913 155 3973 et
178 3909 238 3972 sub
263 3914 348 3973 terra
370 3911 473 3974 audiri
497 3932 624 3973 suavem
647 3909 815 3973 melodiam
838 3931 909 3973 cum
931 3908 1100 3972 harmonia
1132 3909 1293 3971 omnium·

122 4013 300 4077 carminum
323 4019 355 4079 et
369 4013 653 4079 instrumentorum
670 4015 860 4079 musicorum
885 4036 954 4098 quae
968 4014 1097 4077 audiens
1121 4015 1274 4094 conceptu

122 4116 202 4184 forti
225 4119 333 4184 audire
356 4119 461 4203 cupit,
493 4121 575 4185 sicut
598 4142 657 4207 ego
679 4121 746 4203 ipse
769 4141 852 4204 saepe
875 4124 1022 4203 expertus
1044 4141 1112 4181 sum
1137 4121 1168 4181 et
1191 4138 1273 4199 prae-

122 4224 215 4308 cipue
237 4224 272 4288 in
293 4224 426 4289 thermis
449 4224 582 4290 Pfeffers
606 4222 628 4304 ²,
660 4223 715 4289 ubi
745 4247 783 4289 ex
812 4226 995 4308 importuno
1019 4243 1174 4305 aquarum
1197 4242 1273 4283 con-

193 4379 208 4433 1
229 4378 335 4434 Cantus
354 4397 490 4450 aquarum
509 4381 584 4437 Mon.
607 4383 630 4435 1.
650 4331 700 4435 ani
714 4381 810 4436 rande.
876 4382 892 4435 2
911 4379 1049 4450 praeeipue
1068 4380 1163 4431 autem
1181 4374 1271 4432 Schm.

120 4466 210 4524 Wibl.
248 4467 352 4523 Pfefers
371 4468 431 4523 Seh.
450 4468 493 4521 Kl.
512 4469 586 4524 Mon.
606 4471 629 4525 l.
648 4468 728 4525 (told.
747 4470 787 4523 ut.
