2806 4964
681 319 724 384 52

120 496 217 562 batur
236 496 337 582 panis,
360 518 432 582 quae
447 496 510 561 iam
535 500 601 561 stat
623 501 699 562 ante
719 497 882 562 ecclesiam
897 497 997 562 beatae
1012 493 1168 581 Virginis,
1192 496 1224 558 et
1237 491 1266 556 in

121 625 158 667 co
182 604 251 668 loco
274 607 351 667 tunc
373 606 443 668 erat
465 603 578 667 domus
601 603 768 666 bladorum
790 608 823 667 et
847 603 952 687 platea
972 623 1154 687 granorum.

209 709 331 773 Domus
353 707 528 772 Consulum
551 708 681 792 egregia
695 712 744 771 est
766 711 799 772 et
813 708 935 785 deeora,
958 706 1078 771 habens
1093 702 1266 788 campanile

122 813 308 878 deauratum
329 813 471 897 undique
485 816 518 876 et
533 813 635 876 multa
649 813 842 891 habitacula,
866 815 898 876 et
913 833 1099 895 campanam
1120 809 1265 873 horarum

122 917 328 982 cantatricem
349 939 512 1001 magnam,
535 917 576 982 ad
598 918 687 981 cuius
709 922 832 981 tactum
853 917 949 981 etiam
971 916 1005 979 in
1030 915 1113 979 turri
1134 912 1268 978 ecclesia

121 1022 224 1088 beatae
247 1021 392 1109 Virginis
415 1027 522 1086 custos
544 1044 695 1107 magnam
718 1022 833 1087 ictibus
856 1020 993 1105 percutit
1016 1040 1214 1102 campanam,
1236 1020 1269 1080 ut

122 1128 178 1212 qui
201 1129 337 1212 primam
360 1127 525 1193 obaudivit
555 1127 773 1212 signaturam,
804 1128 972 1191 secundam
1004 1123 1190 1189 consideret.
1233 1119 1269 1184 In

122 1235 231 1299 eadem
247 1235 328 1298 turri
344 1235 446 1298 beatae
462 1229 607 1318 Virginis
624 1236 700 1296 sunt
714 1254 838 1316 semper
854 1233 916 1296 duo
931 1229 1085 1308 custodes,
1109 1228 1167 1312 qui
1181 1247 1270 1291 mane

122 1342 154 1403 ct
170 1361 299 1422 vespere
313 1339 400 1402 tubis
416 1342 616 1424 concrepant.
641 1344 715 1404 ante
732 1361 849 1424 paucos
865 1361 964 1403 annos
980 1336 1143 1401 habebant
1160 1355 1271 1416 uxores

122 1464 228 1506 secum
251 1442 406 1526 superius,
430 1443 483 1507 sed
506 1442 665 1508 Plebanus
687 1443 856 1509 modernus
879 1442 970 1507 eiecit
989 1441 1126 1508 feminas
1140 1443 1270 1524 propter

123 1546 261 1611 ecclesiae
283 1547 518 1614 immunitatem
541 1550 737 1615 servandam.

212 1649 324 1717 Studio
347 1653 472 1738 ingenti
494 1660 640 1719 servatur
662 1655 774 1719 civitas
797 1654 830 1717 in
853 1653 1026 1734 munditia,
1051 1674 1109 1718 nec
1131 1655 1208 1715 sunt
1229 1648 1273 1714 ibi

123 1757 301 1821 cloacarum
324 1760 356 1822 et
376 1757 568 1823 latrinarum
590 1759 719 1824 foetores
750 1760 832 1823 siout
855 1758 950 1838 alibi,
984 1760 1038 1823 sed
1069 1780 1127 1841 per
1148 1754 1273 1820 subter-

123 1883 234 1926 raneos
257 1868 380 1927 meatus
403 1863 510 1928 omnia
533 1868 710 1929 transeunt.
755 1863 894 1928 Tantum
924 1863 1066 1947 diligunt
1087 1861 1173 1927 cives
1195 1860 1274 1924 ciri-

123 1967 200 2031 tatis
223 1967 431 2047 munditiam,
455 1971 492 2031 ut
514 1969 651 2052 quadam
674 1970 741 2033 vice
763 1969 965 2034 decernerent
987 1967 1112 2032 nullum
1134 1965 1275 2050 amplius

123 2077 285 2136 mortuum
308 2072 394 2137 intra
417 2095 524 2139 muros
547 2075 688 2158 sepeliri,
723 2079 755 2139 et
782 2075 911 2138 omnino
934 2072 1113 2157 sepulturas
1135 2093 1211 2136 suas
1234 2070 1273 2135 ad

122 2200 233 2242 omnus
256 2176 389 2241 Sanctus
412 2179 665 2259 transtulissent,
688 2180 715 2244 si
740 2178 963 2243 Praedioatores
987 2182 1019 2242 et
1041 2177 1185 2242 Minores
1210 2197 1274 2241 non

122 2284 330 2348 obstitissent.
376 2281 468 2347 Nihil
491 2289 538 2349 est
561 2285 645 2369 quod
668 2290 795 2349 tantum
826 2285 973 2367 deturpet
1004 2283 1089 2348 vicos
1112 2287 1146 2347 et
1169 2302 1274 2346 aerem

122 2387 236 2452 foetore
259 2387 389 2465 inficiat,
414 2387 496 2452 sicut
517 2410 684 2471 porcorum
707 2388 889 2468 multitud0,
914 2387 969 2472 qui
992 2386 1132 2471 undique
1155 2390 1275 2450 sterco-

123 2493 244 2570 rizant;
268 2494 370 2571 oredo,
394 2493 421 2557 si
445 2493 532 2576 porci
554 2514 619 2557 non
643 2496 765 2573 essent,
801 2493 885 2577 quod
907 2496 974 2556 tam
998 2490 1115 2556 munda
1137 2493 1172 2555 et
1195 2511 1273 2554 sana

122 2598 233 2662 civitas
257 2598 310 2662 vix
333 2597 535 2682 reperiretur.
582 2596 656 2662 Non
680 2598 745 2662 vidi
768 2597 946 2676 civitatem,
979 2596 1013 2660 in
1031 2605 1106 2680 ‘qua
1127 2593 1275 2658 homines

122 2705 188 2766 tam
210 2702 347 2766 libenter
375 2702 440 2765 sint
475 2700 684 2766 communiter
716 2700 798 2764 sicut
820 2701 853 2764 in
877 2699 990 2779 Ulmo,
1023 2704 1091 2764 tam
1120 2719 1277 2782 pauperes

122 2828 218 2890 quam
241 2807 365 2870 divites.
411 2804 460 2871 lbi
484 2806 591 2870 omnia
614 2805 654 2868 ad
677 2804 850 2868 humanam
874 2805 973 2868 vitam
988 2803 1170 2888 spectantia
1185 2825 1275 2886 repo-

123 2913 249 2976 riuntur
264 2933 322 2996 pro
338 2912 476 2975 denario.
522 2909 705 2975 Sabbatiuis
720 2910 830 2974 diebus
847 2914 894 2974 est
912 2909 1143 2975 hebdomadale
1159 2908 1276 2986 forum,

121 3022 154 3081 et
175 3021 285 3080 tantus
308 3019 356 3080 est
378 3015 535 3079 tumultus
558 3015 592 3078 in
615 3015 729 3099 plateis
752 3015 924 3079 ementium
945 3019 977 3078 et
994 3014 1212 3093 vendentium,
1236 3033 1273 3077 ac

122 3121 148 3185 si
172 3126 278 3186 essent
299 3121 449 3185 nundinae
472 3121 641 3200 annualeS,
673 3121 879 3205 singulariter
901 3125 1008 3184 tamen
1029 3120 1063 3182 iu
1087 3119 1197 3204 platea
1221 3116 1277 3182 ubi

123 3231 171 3291 ost
194 3227 260 3290 vini
282 3226 398 3305 forum,
423 3227 477 3291 ubi
501 3248 730 3310 nonnunquam
752 3229 841 3291 stant
863 3227 927 3290 300
949 3247 1060 3290 currus
1082 3227 1115 3288 et
1130 3222 1278 3306 plaustra

52 3386 56 3393 .
124 3337 241 3397 onusta
263 3333 346 3396 rino.
392 3331 466 3395 Nou
490 3333 582 3396 credo
605 3332 709 3396 simile
730 3332 836 3396 iorum
859 3331 925 3394 vini
947 3351 1015 3394 esse
1036 3329 1071 3391 in
1095 3327 1278 3406 Alemania,

126 3437 179 3500 ubi
203 3441 329 3501 tantum
352 3437 391 3501 de
413 3437 487 3500 vino
505 3436 515 3472 ¹
538 3438 571 3500 in
595 3437 747 3521 plaustris
769 3437 927 3501 habeatur
949 3434 1069 3513 venale,
1093 3437 1128 3498 et
1142 3438 1213 3498 tum
1228 3455 1280 3498 re·

25 3538 110 3617 „Q
123 3547 218 3625 pente
239 3543 282 3607 sit
305 3542 486 3619 ineruditum,
518 3564 593 3605 narn
616 3546 691 3605 ante
713 3540 876 3605 meridiem
899 3539 1008 3603 omnia
1039 3541 1119 3602 sunt
1150 3537 1281 3602 vendita

125 3649 156 3708 et
180 3649 305 3710 tuntum
329 3668 386 3730 pro
408 3667 520 3730 grossa
537 3648 679 3730 pecunia,
703 3645 866 3711 nonenim
882 3642 1148 3709 solviturvinum
1164 3643 1279 3722 obulis,

122 3749 260 3813 denariis
282 3755 340 3814 urit
361 3751 540 3829 cruciferis,
571 3752 626 3815 sed
648 3751 776 3814 florenis
798 3755 831 3815 et
853 3749 996 3815 bohemis
1018 3749 1059 3812 ad
1081 3753 1280 3834 promptum.

123 3853 168 3917 Et
191 3853 344 3918 tantum¹
368 3854 407 3919 de
429 3855 525 3920 tertio
547 3856 725 3939 principali.

195 4075 207 4126 l
229 4075 343 4127 tuntum
363 4074 398 4127 dc
417 4072 483 4128 rino
503 4073 574 4128 bion.
596 4075 618 4128 l.
638 4071 700 4127 Sola
719 4072 764 4126 Kl.
783 4073 876 4127 wibl:
888 4072 972 4129 Gold.
992 4072 1035 4125 rr.
1086 4075 1206 4127 tanturn
1226 4090 1282 4128 nou

123 4164 191 4218 rino
207 4160 289 4217 Gold.
309 4158 384 4212 Ulm.
410 4177 465 4215 nou
486 4161 529 4213 l'r.
618 4162 636 4214 2
656 4161 690 4214 Et
708 4164 823 4215 tantumn
843 4205 850 4216 .
869 4199 877 4214 .
895 4199 904 4213 .
921 4159 1084 4230 principali.
1129 4159 1169 4213 ut
1186 4161 1302 4214 catera·

121 4251 196 4306 Non.
217 4253 241 4304 l.
