2806 4964
665 345 730 409 216

121 522 279 608 particula
300 521 347 586 IX
379 523 476 586 alium
509 521 595 586 canit
618 519 792 585 Suevorum
820 519 994 603 originem,
1026 517 1144 582 dicens.
1159 517 1274 583 Suevos

121 650 159 692 ex
183 625 368 692 Macedonia
390 627 521 692 ortos-¹:

210 732 285 797 orbe
308 729 494 796 Macedonio
517 730 639 814 peperit
664 734 780 799 natura
803 726 932 792 Suevos

209 835 297 900 Dicit
313 835 409 901 etiarn
427 835 511 920 quod
528 835 631 899 italici
648 835 712 898 iarn
729 831 904 897 Suevorum
920 837 1012 897 terrae
1034 837 1127 898 erant
1149 832 1274 896 inhabi-

123 938 270 1019 tatoresl,
285 962 363 1024 quos
375 940 469 1006 Saevi
481 941 641 1006 venientes
653 940 820 1004 eiecerunt.
845 939 883 1002 ln
894 939 1045 1004 historia³
1057 938 1276 1022 descriptionis

123 1045 264 1112 civitatis
278 1045 490 1131 Augusteusis
506 1046 621 1110 dicitur
634 1045 717 1129 quod
733 1042 827 1108 Suevi
843 1045 905 1109 orti
922 1049 998 1108 sunt
1021 1067 1058 1109 ex
1074 1043 1199 1128 Japhet
1214 1043 1276 1106 filio

120 1150 203 1218 Noe.
255 1151 339 1216 Dum
364 1152 448 1216 enim
471 1150 530 1215 filii
554 1149 675 1236 Japhet
690 1150 854 1234 Europam
870 1151 1091 1235 possidendam
1114 1151 1273 1213 intrarent

122 1258 224 1323 exivit
247 1280 283 1321 ex
307 1257 351 1322 eis
372 1256 472 1335 radix,
497 1256 661 1341 generatio
684 1279 748 1319 una
771 1255 944 1340 singularis
967 1259 999 1320 et
1022 1256 1176 1320 bellicosa
1200 1275 1275 1337 quos

126 1360 245 1428 Suevos
267 1362 486 1440 nominabant,
510 1383 547 1426 ex
572 1362 687 1446 quibus
710 1360 804 1425 Suevi
828 1365 939 1444 postea
961 1363 1036 1425 sunt
1058 1361 1146 1424 dicti.

212 1467 316 1532 Multo
332 1467 429 1532 etiam
446 1472 587 1551 tempore
610 1467 797 1531 dicebantur
813 1467 907 1532 Suevi
924 1467 1043 1532 Brenni
1059 1465 1111 1530 vel
1126 1465 1278 1544 Brennes,

126 1577 256 1658 propter
285 1595 394 1638 eorum
427 1573 537 1637 ducem
568 1572 867 1638 bellicosissimum⁴
898 1573 1091 1651 Brennium,
1122 1573 1181 1656 qui
1203 1575 1280 1635 mira

126 1678 227 1764 gessit
259 1677 483 1743 vetustissimis
513 1677 710 1762 temporibus
740 1680 774 1743 in
803 1679 914 1743 multis
940 1676 1087 1762 partibus
1111 1676 1217 1756 orbis,
1247 1682 1280 1740 ut

125 1782 291 1848 (iotfridus
314 1783 347 1846 in
363 1783 495 1847 metrico
518 1804 612 1867 opere
634 1763 720 1849 canit
743 1785 901 1869 particula
916 1783 972 1849 IX.
1018 1783 1114 1849 Unde
1138 1787 1279 1867 ternpore

126 1886 201 1973 Cyri
223 1887 307 1972 regis
331 1886 497 1952 Medorum
528 1888 590 1952 dux
613 1887 789 1954 Suevorum
812 1890 958 1954 Brennus
990 1888 1107 1952 habuit
1137 1887 1278 1953 subditos

126 1992 252 2072 Gallos,
277 1991 485 2078 Burgundos,
510 1991 665 2073 Senones,
700 1998 731 2058 et
759 2016 834 2057 rura
865 1995 961 2058 etiam
983 1994 1017 2057 in
1040 1991 1148 2072 Italia,
1172 1997 1279 2077 postea

127 2096 261 2162 Fabium
272 2098 432 2163 consulem
444 2121 516 2162 oum
527 2120 584 2163 suo
594 2097 732 2163 exercitu
745 2099 882 2162 extinxit
893 2104 925 2163 et
937 2102 1105 2162 venustam
1115 2121 1278 2163 romanam

128 2203 326 2269 iuventutem
357 2204 512 2283 extinxit,
548 2204 657 2269 domos
688 2205 860 2284 subvertit,
891 2210 923 2269 et
952 2210 1094 2290 stragem
1116 2205 1276 2290 ingentem

130 2308 283 2375 Romanis
306 2310 427 2375 intulit.

217 2415 230 2453 ⁸
244 2414 305 2480 Hic
319 2417 383 2479 dux
394 2415 530 2480 aedificat
543 2413 645 2480 ltaliae
657 2415 762 2494 urbae,
779 2414 950 2491 Veronam,
968 2413 1112 2499 Papiam,
1131 2414 1278 2493 Brixiam,

127 2516 252 2611 Sonam,
275 2525 307 2586 et
323 2519 459 2585 Romam
474 2521 642 2586 destruxit.
688 2519 726 2584 In
741 2519 893 2604 Delpho‘
915 2524 1022 2584 autem
1038 2521 1190 2601 existens,
1214 2543 1278 2585 cum

127 2625 257 2690 deorum
287 2626 409 2691 cultum
439 2626 612 2705 derideret,
639 2626 797 2710 Apollinis
831 2627 959 2690 oraculo
983 2627 1123 2711 accepit,
1148 2650 1182 2691 se
1204 2626 1278 2690 albis

128 2730 307 2816 virginibus
315 2731 554 2796 succubiturum
566 2731 795 2815 etperitnrum.
822 2730 902 2795 Cum
908 2736 1084 2796 reverteret
1092 2732 1127 2796 in
1139 2731 1278 2798 Sueviam

129 2836 215 2900 intra
238 2836 336 2920 Alpes
359 2837 481 2900 nivium
504 2836 647 2919 coagulis
677 2826 716 2900 de
740 2837 878 2920 quodam
911 2841 1020 2901 monte
1043 2837 1278 2901 decurrentibus

130 2941 240 3006 ducem
261 2942 363 3025 ipsum
398 2947 430 3005 et
452 2943 519 3006 eius
541 2947 646 3006 totum
676 2941 848 3005 exercitum
871 2942 1086 3007 extinxerrmt.
1135 2941 1278 3018 Quamvis

131 3051 237 3111 utitem
253 3045 348 3112 Saevi
371 3047 412 3111 ab
428 3047 659 3130 antiquissimis
676 3047 872 3130 tenrporibus
889 3045 1142 3110 formidabiliter
1164 3046 1276 3112 cunctis

130 3156 244 3231 essent,
267 3157 375 3216 tamen
400 3154 573 3216 Amazones
595 3150 723 3216 feminae
746 3174 799 3215 eos
821 3152 1008 3216 invadentes
1031 3157 1154 3215 terram
1176 3172 1276 3216 eorum

130 3262 162 3321 et
185 3256 338 3342 populum
360 3257 422 3322 sibi
444 3258 666 3336 subiecerunt,
696 3280 716 3320 a
739 3257 855 3341 quibus
877 3257 973 3321 hodie
1003 3279 1083 3342 gens
1108 3256 1274 3323 Suevorum

696 3391 716 3429 *

204 3476 215 3526 l
237 3472 325 3528 aliurn
338 3474 492 3529 suevorum
506 3473 643 3542 originem
662 3472 741 3535 dicit,
759 3473 863 3528 meva
880 3489 914 3526 ex
927 3471 1093 3528 Macedonia
1110 3477 1197 3539 ortos,
1215 3473 1275 3528 dicit

130 3558 219 3614 etiam
238 3561 354 3617 Meni,
435 3561 645 3617 aestimares
663 3560 726 3615 scr.
752 3560 799 3616 Kl.
832 3559 1041 3615 inhabitatores
1062 3561 1139 3617 idon
1158 3563 1184 3616 2.
1264 3561 1277 3614 3

133 3645 164 3699 ln
183 3645 301 3703 ustura
318 3647 362 3702 bis
378 3648 462 3703 Suari
479 3652 578 3718 postea
595 3651 662 3703 aunt
680 3648 750 3703 dieti
767 3648 820 3703 hat
837 3665 892 3702 nur
909 3646 973 3702 Sch.
989 3648 1049 3702 und
1069 3648 1116 3704 Kl.
1169 3649 1278 3704 4Multo

131 3732 219 3787 etiam
237 3739 363 3805 tempora
381 3735 548 3790 dicabantur
559 3735 668 3799 Brenni.
687 3738 802 3806 propter
811 3753 907 3792 eorum
922 3735 1021 3790 ducem
1035 3735 1277 3796 bellicosissimum.

131 3824 162 3876 et
179 3821 262 3891 plura
281 3821 339 3877 alia
356 3827 512 3877 narrantur
536 3824 571 3880 io.
589 3825 633 3880 80.
651 3824 726 3881 lion.
747 3825 774 3879 2.
809 3825 876 3893 (Das
900 3824 974 3878 citat
998 3827 1080 3893 passt
1106 3843 1142 3878 zu
1160 3826 1233 3881 Mon.
1252 3824 1279 3891 1.)

134 3908 189 3964 uas
216 3900 348 3979 fulgenda
375 3909 427 3964 bat
454 3910 557 3966 wieder
584 3929 639 3965 nur
661 3908 724 3965 Sch.
748 3910 808 3964 und
833 3909 878 3963 Kl.
902 3910 957 3963 mit
980 3909 1059 3965 einer
1086 3911 1201 3967 kleincn
1227 3929 1278 3966 aus·

134 3995 250 4062 nature,
268 3996 320 4052 der
337 3997 429 4067 gleich
446 3998 598 4068 folgenden
615 3997 740 4064 additio,
767 4017 822 4056 von
840 3997 916 4053 unde
934 4002 1063 4068 tempora
1087 4000 1133 4054 bia
1156 3999 1279 4057 Romanis

132 4083 245 4152 intulit,
272 4084 376 4141 uciche
399 4103 453 4140 mu
479 4086 553 4142 Mon.
570 4087 595 4141 2.
619 4087 672 4141 hat
694 4086 748 4141 mit
774 4087 825 4141 der
849 4084 1032 4140 ubuadnrift:
1051 4087 1171 4145 Additic
1188 4088 1278 4158 depo·
1302 4083 1304 4090 ⁴

133 4171 226 4228 tentia
244 4170 408 4228 Suevorum.
443 4173 508 4229 aso
523 4173 617 4227 haben
633 4174 695 4230 Set.
705 4193 732 4230 u,
751 4174 813 4240 lit-3
831 4174 907 4228 Mon.
918 4171 944 4227 2
955 4173 1088 4228 achlieast
1104 4174 1152 4230 die
1163 4176 1278 4230 additio:

135 4258 249 4330 Insuper
265 4259 297 4315 in
316 4259 402 4316 ltalia
418 4266 518 4317 ocum
536 4260 677 4318 Romanos
694 4263 904 4317 edificaverunt
920 4261 1004 4315 saevi
1023 4261 1183 4330 Veronam,
1208 4261 1278 4334 quasi

135 4346 193 4401 uim
212 4347 309 4412 Boura,
329 4348 455 4420 Papiam,
475 4348 599 4402 Brixiam
607 4353 638 4404 et.
647 4349 745 4405 urbem
756 4349 868 4413 Senam,
886 4347 975 4402 habet
986 4347 1170 4405 Gottefridua
1184 4354 1213 4406 et
1229 4349 1279 4405 alia

136 4432 165 4487 in
185 4432 339 4493 Pantheon.
410 4438 428 4491 6
447 4434 552 4505 Nlpbo
569 4434 672 4490 Schad.
691 4438 735 4494 lll.
