2806 4964
748 316 787 381 16

275 492 418 558 Primum
440 516 478 558 ex
493 515 647 577 aquarum
662 493 862 557 confluentia.
900 491 1040 557 Confiuit
1063 494 1148 558 enim
1169 493 1335 580 Hylarus¹

190 603 222 664 et
245 599 377 664 Blauiua
409 600 442 663 in
476 598 661 663 Danubium
683 602 715 662 et
730 598 768 661 fit
784 599 875 682 quasi
897 620 974 662 crux
989 621 1027 662 ex
1047 598 1241 678 fluminibus
1265 622 1340 664 nam

188 703 356 769 Danubius
372 704 413 768 ab
429 703 588 768 occidente
609 704 751 789 stipitem
766 704 908 768 extendit
929 704 963 768 in
985 704 1149 785 orientem,
1172 703 1337 789 Hylarus²

190 810 362 875 ameridie
385 811 533 875 dextrum
565 810 644 874 facit
674 809 857 890 brachium,
890 809 1021 874 Blauius
1051 833 1125 875 vero
1155 834 1173 874 1
1202 813 1339 893 septem-

188 915 292 980 trione
315 915 497 995 sinistrum,
521 917 648 1000 statque
670 913 768 980 Ulma
790 915 881 999 quasi
904 937 998 999 super
1021 916 1123 999 ipsam
1159 915 1274 996 affixa,
1308 920 1340 980 et

188 1021 271 1084 sicut
294 1043 350 1104 per
372 1042 496 1085 crucem
520 1021 690 1104 accipimus
714 1021 820 1092 omnia
842 1021 925 1085 bona
948 1024 981 1085 11
1003 1006 1136 1086 terrenis
1160 1021 1339 1105 iunguntur

188 1125 333 1204 celestia,
369 1125 415 1189 111
436 1147 493 1208 per
515 1123 645 1190 Ulmam
675 1125 833 1191 mediante
865 1125 996 1190 flumine
1019 1129 1230 1210 apportantur
1253 1126 1338 1190 bona

188 1230 312 1314 patriae,
337 1234 369 1294 et
392 1229 569 1313 superiores
592 1230 796 1295 inferioribus
818 1231 1005 1315 iunguntur.
1050 1229 1136 1296 Nam
1160 1253 1256 1314 supra
1278 1231 1339 1296 Ul-

188 1359 275 1400 mam
297 1333 463 1400 Danubius
486 1357 557 1399 11111
581 1335 624 1400 111
646 1335 883 1420 innavigabilis,
907 1358 997 1420 paene
1012 1336 1136 1400 inutilis
1152 1339 1210 1416 est,
1234 1334 1338 1399 sedin

187 1440 285 1507 Ulma
308 1445 419 1505 auctus
443 1440 628 1505 fluminibus
650 1442 809 1524 praedictis
825 1441 863 1505 fit
878 1441 967 1506 utilis
983 1441 1187 1527 navigatione
1203 1438 1336 1518 Sueviae,

187 1544 342 1623 Bavariae,
356 1544 505 1625 Austriae,
521 1549 553 1609 et
563 1545 864 1630 peregrinaemerces
875 1546 1013 1610 vicissim
1026 1550 1111 1611 terra
1123 1545 1334 1610 advehuntur.

187 1651 261 1715 Ideo
285 1654 443 1715 terrarum
467 1653 498 1715 et
520 1672 676 1734 aquarum
699 1651 906 1733 descriptores
936 1673 1045 1716 omnes
1068 1648 1191 1735 ponunt
1209 1649 1336 1714 Ulmam

187 1779 254 1821 esse
276 1756 311 1820 in
333 1756 436 1840 capite
458 1755 612 1834 Danubii,
650 1756 725 1840 quia
748 1755 893 1840 judicant
915 1755 1098 1820 Danubium
1130 1755 1176 1818 ibi
1198 1755 1337 1838 incipere

188 1862 243 1925 ubi
266 1861 379 1944 incipit
401 1860 489 1925 utilis
513 1864 545 1925 et
567 1861 758 1945 navigabilis
781 1882 856 1924 esse.
881 1884 919 1926 ex
941 1861 1003 1925 hiis
1026 1883 1102 1944 ergo
1124 1859 1228 1924 infero
1251 1860 1335 1944 quod

188 1967 340 2052 quamdiu
355 1965 479 2046 Suevia,
498 1965 643 2044 Bavaria,
660 1967 792 2030 Austria
803 1964 992 2029 inhabitata
1004 1968 1088 2043 sunt,
1105 1963 1228 2028 tamdiu
1240 1962 1337 2029 Ulma

188 2073 300 2137 civitas
323 2072 396 2152 fuit,
419 2072 494 2156 quia
516 2075 613 2156 caput
642 2071 725 2136 tanti
748 2069 907 2150 fluminis,
938 2093 957 2134 1
980 2092 1042 2155 quo
1064 2067 1208 2163 praefata‘
1241 2072 1334 2134 terrae

189 2178 364 2256 alluuntur,
387 2177 455 2241 sine
477 2177 606 2241 civitate
624 2198 690 2241 esse
714 2198 775 2240 non
794 2177 909 2260 potuit,
933 2164 1005 2239 cuin
1023 2174 1167 2239 homines
1184 2173 1224 2237 ab
1240 2173 1334 2238 initio

188 2282 283 2347 simul
315 2281 631 2361 communicaverint,
665 2281 788 2345 ratione
819 2303 895 2364 ergo
927 2279 1155 2345 communionis
1186 2278 1336 2344 humanis

187 2387 404 2452 contractibus
428 2390 459 2451 11
481 2385 722 2450 necessitatibus
737 2386 959 2471 requirebatur
974 2387 1009 2450 in
1027 2385 1168 2451 11111111
1184 2385 1224 2450 ab
1240 2385 1335 2449 initio

186 2493 307 2561 civitas.

275 2596 373 2662 Aliud
405 2594 770 2687 111111111111111111111
803 2599 852 2661 111
880 2596 1100 2661 convenientia
1133 2595 1334 2679 publicarum

186 2703 310 2766 viarum
332 2706 365 2767 et
395 2702 576 2767 stratarum.
625 2699 718 2765 Jacet
748 2701 833 2765 enim
864 2701 960 2768 Ulma
994 2702 1088 2786 quasi
1117 2704 1271 2785 punctum
1301 2701 1336 2764 in

186 2807 288 2871 medio
311 2808 429 2886 circuli,
453 2830 472 2871 a
495 2829 557 2891 quo
580 2810 750 2890 protracta
758 2830 766 2884 .2,
774 2807 834 2872 viae
856 2808 946 2892 quasi
977 2807 1069 2871 lineae
1097 2809 1271 2870 cernuntur
1294 2806 1334 2871 ad

186 2935 311 2978 omnem
334 2912 443 2977 circuli
474 2912 494 2976 i.
518 2934 544 2976 1.
577 2911 688 2976 mundi
717 2912 831 2977 locum.
876 2910 1000 2976 Notum
1032 2915 1140 2975 autem
1171 2915 1219 2975 est
1249 2913 1336 2996 quod

187 3018 338 3103 quamdiu
360 3016 492 3081 fuerunt
522 3016 683 3095 homines,
714 3017 836 3081 tamdiu
859 3017 1103 3082 ambulaverunt
1134 3038 1191 3099 per
1212 3021 1335 3097 111111,

76 3158 80 3164 ·
186 3128 218 3188 11
240 3124 286 3188 111
308 3123 342 3187 in
364 3121 471 3202 Ulma,
495 3121 550 3186 ubi
572 3125 622 3185 tot
651 3122 710 3186 111
740 3126 854 3186 coeunt
883 3122 920 3186 de
943 3120 1119 3186 Alemaniae
1149 3121 1335 3205 regionibus

185 3229 219 3292 in
240 3226 369 3293 Italiam
392 3232 424 3293 11
446 3230 576 3306 ceteras,
600 3247 724 3291 necesse
740 3230 788 3290 est
801 3227 900 3291 fuisse
918 3227 957 3290 ab
982 3227 1086 3306 initio,
1110 3249 1172 3311 quo
1188 3226 1333 3292 homines

185 3333 349 3398 ambulare
372 3336 546 3418 coeperunt,
569 3332 603 3395 in
617 3331 686 3396 loco
701 3331 916 3396 habitationes
930 3333 970 3396 ad
985 3333 1089 3396 minus
1112 3355 1170 3417 pro
1185 3331 1335 3417 hospitiis

185 3440 467 3526 peregrinantium.

276 3544 420 3610 Tertium
431 3545 560 3630 signum
569 3544 738 3610 vetustatis
750 3547 798 3609 est
810 3542 984 3626 antiquitas
998 3543 1211 3609 aedificiorum.
1247 3544 1335 3610 Nam

185 3673 294 3714 murus
317 3652 456 3735 antiquae
478 3651 617 3716 civitatis
641 3650 874 3716 vetustissimus
896 3653 928 3714 11
943 3649 1062 3733 spissus
1085 3652 1143 3729 eat,
1165 3648 1257 3714 valde
1277 3650 1334 3713 fir-

78 3747 80 3751 ’
185 3777 256 3818 mus
279 3754 317 3819 de
338 3755 496 3839 lapidibus
520 3759 720 3839 compactum
752 3777 830 3839 quos
853 3753 997 3818 moderni
1028 3754 1164 3819 artifices
1188 3756 1335 3819 nesciunt

186 3859 224 3923 de
248 3860 362 3943 quibus
385 3860 463 3925 locis
486 3861 577 3924 allati
599 3859 680 3939 sint,
704 3859 749 3924 sic
772 3860 901 3924 ecclesia
922 3863 1040 3925 sanctae
1072 3860 1173 3924 crucis
1206 3863 1334 3924 vetusta

184 3964 276 4028 valde
299 3969 356 4044 est,
380 3969 411 4028 et
434 3965 554 4049 capella
576 3965 679 4029 sancti
695 3963 824 4049 Georgii
847 3969 879 4029 et
901 3965 1004 4029 sancti
1019 3964 1142 4049 AEgidii
1164 3969 1196 4030 11
1219 3965 1332 4030 domus

186 4067 310 4153 antiqui
342 4067 488 4152 plebani,
521 4074 552 4134 et
583 4069 677 4153 plura
710 4068 773 4133 alia
804 4070 937 4135 aedificia
970 4074 1162 4135 vetustatem
1193 4071 1333 4136 civitatis

185 4177 412 4241 demonstrant.

257 4311 459 4380 1Hy1aruss0
478 4312 530 4366 hat
548 4312 609 4367 Seh.
629 4259 796 4376 verbesseit,
815 4314 887 4367 statt
906 4313 1019 4384 Hylaris
1037 4315 1110 4370 Mon.
1129 4316 1153 4367 2.
1174 4313 1264 4369 Sohm.
1284 4317 1332 4369 eh,

185 4400 228 4454 111.
248 4399 335 4456 Wibl.
354 4399 421 4459 (111.
441 4403 470 4457 11
489 4401 561 4458 Bess.
615 4403 631 4456 2
650 4402 773 4472 Hylams
791 4400 891 4467 Schad,
910 4401 1058 4467 11111111,
1077 4402 1194 4472 hylarus
1214 4404 1288 4460 Mon.
1307 4405 1330 4459 2.
