2806 4964
739 342 782 406 22

185 518 218 580 et
240 537 376 598 parvum
397 515 526 600 quidem
549 519 617 579 erat
649 516 684 579 in
707 539 755 595 se,
786 538 938 601 magnum
971 521 1078 582 autem
1109 517 1142 581 in
1166 517 1337 583 suburbiis.

184 620 229 684 Et
251 624 393 704 tempore
416 619 502 684 illius
524 624 628 684 status
651 620 789 684 civitatis
805 642 869 686 nou
893 625 984 686 erant
999 644 1057 687 nec
1077 622 1111 686 in
1127 622 1258 688 civitate
1281 645 1337 688 nec

184 727 217 789 in
240 725 400 789 suburbiis
422 722 649 789 Praedicatores
672 746 729 789 nec
752 724 891 790 Minores
914 748 971 790 nec
1002 726 1121 790 domini
1145 726 1334 793 Theutonici

185 850 242 893 nec
264 826 414 893 (lanosioi
437 828 609 912 regulares,
633 828 688 912 qui
711 848 819 893 omnes
841 832 915 912 post
930 829 1170 913 ampliationem
1194 832 1319 897 civitati

186 937 351 1012 venerunt,
375 937 411 996 ut
433 932 565 1016 patebit.

270 1037 352 1101 Erat
367 1041 475 1101 tamen
491 1037 641 1121 parochia
657 1039 695 1102 ad
712 1061 820 1104 omnes
836 1037 979 1118 Sanctos,
1002 1044 1039 1105 ut
1055 1041 1130 1120 dixi,
1154 1042 1246 1107 valde
1262 1065 1334 1127 pre-

184 1142 267 1206 tiosa
290 1144 322 1206 et
345 1143 566 1226 antiquissima
598 1166 681 1208 anno
704 1144 744 1208 ab
767 1145 986 1210 incarnatione
1008 1145 1139 1211 Domini
1163 1148 1226 1213 600
1260 1170 1336 1214 con·

185 1251 315 1325 structa,
340 1248 537 1331 temporibus
560 1248 646 1312 beati
669 1248 816 1335 Gregorii
839 1251 948 1335 magni
971 1273 1062 1334 papae
1085 1255 1118 1315 et
1138 1250 1252 1317 Phocae
1275 1255 1336 1317 im-

185 1353 340 1436 peratoris
365 1357 440 1416 ante
461 1353 646 1418 Heraclium
669 1359 790 1420 stante
810 1356 1012 1419 maledictum
1029 1356 1279 1424 Machometum.
1302 1358 1335 1423 iu

187 1483 250 1544 quo
273 1461 369 1525 etiam
392 1461 567 1544 antiquitas
600 1461 708 1545 oppidi
730 1462 880 1526 ulmensis
904 1461 1137 1540 manifestatur,
1161 1456 1247 1546 quod
1272 1484 1335 1528 non

186 1563 290 1628 solum
314 1565 480 1649 antiquum
503 1566 566 1629 fuit
588 1566 775 1630 fundatione
797 1567 850 1630 sed
874 1567 972 1630 etiam
993 1565 1066 1631 fidei
1082 1567 1247 1631 catholica
1263 1590 1332 1632 sus-

186 1670 340 1752 ceptione.
386 1669 538 1735 Historiae
561 1672 709 1756 vulgares
724 1661 926 1737 Ulmensium
942 1671 1052 1735 dicunt
1067 1671 1151 1755 quod
1167 1671 1224 1735 illa
1240 1694 1335 1755 paro-

186 1774 299 1839 chialis
322 1775 452 1839 ecclesia
474 1779 543 1841 erat
566 1775 604 1840 de
635 1777 764 1861 quadris
793 1780 826 1841 et
848 1777 942 1841 sectis
964 1761 1123 1860 lapidibus
1154 1778 1232 1841 adeo
1266 1799 1338 1861 pre·

187 1880 280 1958 ciosa,
304 1882 389 1964 quod
411 1881 517 1946 cuncti
540 1882 682 1947 videntes
703 1883 885 1966 stupebant,
909 1882 1002 1946 etde
1027 1881 1201 1967 longinquo
1217 1882 1335 1946 adven-

186 1983 300 2048 tabant
322 1985 466 2050 homines
489 1990 525 2050 ut
548 1987 636 2051 illam
660 1989 822 2073 egregiam
846 1987 988 2051 viderent
1009 1989 1221 2066 structuram,
1254 1985 1337 2070 quod

187 2087 262 2152 huic
284 2090 422 2156 ecclesiae
445 2113 508 2155 non
531 2091 755 2157 inveniebatur
778 2093 914 2158 secunda
936 2092 970 2155 in
993 2095 1062 2155 tota
1085 2089 1220 2169 Suevia,
1254 2091 1337 2174 quod

187 2191 252 2257 illis
268 2193 464 2278 temporibus
479 2196 614 2262 humiles
631 2202 722 2263 erant
737 2197 908 2262 ecclesiolae
924 2197 1021 2261 etiam
1036 2196 1070 2259 in
1086 2195 1198 2260 Roma.
1233 2193 1339 2259 Erant

187 2302 271 2363 enim
299 2297 382 2362 cives
404 2299 561 2370 ulmenses
590 2301 704 2366 divites
727 2306 759 2366 et
788 2301 967 2386 magnifici,
998 2301 1037 2364 ad
1061 2300 1167 2365 divina
1189 2322 1222 2364 se
1245 2300 1337 2364 valde

189 2405 269 2468 bene
290 2404 453 2469 habentes.

85 2694 188 2774 deiid‘uld
704 2700 772 2772 Gap.
797 2703 822 2755 2·

149 2807 155 2817 ⁸
188 2851 417 2927 Quomodo
454 2850 581 2916 Ulma
614 2852 721 2915 data
755 2851 850 2915 fuit
883 2851 1174 2915 monasterio
1207 2849 1339 2916 Ovviae

677 2995 854 3059 magum

275 3139 395 3205 Karolo
411 3138 529 3224 Magno
553 3161 636 3203 anno
659 3139 779 3203 domini
802 3141 864 3205 805
884 3145 1048 3224 regnante,
1069 3163 1141 3205 cum
1163 3141 1228 3205 iam
1244 3141 1340 3224 plura

187 3245 380 3309 monasteria
408 3244 527 3309 ordinis
554 3243 656 3308 saneti
677 3242 840 3309 Benedicti
873 3246 1064 3309 instituisset
1091 3249 1123 3310 et
1151 3245 1337 3332 collegiatae

188 3349 334 3413 ecclesias
356 3349 521 3414 fundasset
543 3352 576 3414 et
597 3349 690 3413 bonis
713 3350 942 3433 temporalibus
960 3350 1108 3429 dotasset,
1132 3350 1258 3434 aliquos
1281 3350 1339 3415 ab·

187 3455 278 3519 bates
300 3456 340 3519 ad
363 3456 506 3520 decorem
528 3454 652 3538 imperii
676 3437 813 3519 Romani
836 3455 993 3538 principes
1009 3455 1192 3537 spirituales
1213 3455 1340 3540 imperii

189 3582 255 3624 esse
270 3560 382 3640 voluit,
406 3560 513 3644 eisque
529 3559 568 3623 ad
584 3560 645 3624 hoc
660 3561 905 3644 competentiam
924 3561 1149 3643 temporalium
1167 3561 1336 3646 delegavit.

188 3663 361 3749 Indignum
399 3665 484 3748 enim
520 3664 709 3750 magnificus
743 3667 775 3729 et
810 3664 977 3749 religiosus
1008 3665 1153 3749 princeps
1183 3653 1358 3749 judicavit*

83 3777 176 3856 Uff‘gg
188 3769 357 3850 imperium
379 3768 496 3833 habere
519 3772 646 3832 tantum
661 3791 738 3833 auro
753 3768 915 3854 fulgentes
930 3770 1089 3854 principes
1105 3775 1137 3835 et
1152 3793 1217 3835 non
1235 3773 1337 3857 magis

188 3873 302 3937 habitu
325 3858 440 3938 sanctae
463 3873 626 3958 religionis
656 3877 794 3938 ornatos.
819 3945 822 3951 ,
847 3872 971 3938 1Porro
995 3876 1211 3958 superioribus
1234 3876 1337 3955 annis,

189 3978 310 4042 scilicet
325 3999 408 4042 anno
425 3978 544 4041 domini
562 3978 623 4042 717
642 3982 771 4042 venerat
787 3984 915 4043 sanctus
933 3978 1111 4043 Perminius
1132 3981 1170 4044 ad
1189 3979 1337 4067 Augiam,

189 4105 259 4148 eam
289 4082 441 4166 repletam
474 4083 672 4166 serpentibus
704 4087 736 4147 et
766 4085 930 4148 venenosis
961 4083 1150 4149 animalibus
1180 4086 1338 4170 reperiens

189 4188 377 4252 miraculose
407 4189 559 4272 purgavit
590 4193 622 4252 et
649 4190 880 4254 monasterium
903 4190 1062 4270 instituit,
1097 4213 1202 4274 aquo
1233 4196 1337 4255 tamen

755 4315 773 4353 s

261 4398 274 4451 1
294 4397 404 4452 Porro.
424 4434 431 4448 .
451 4436 458 4449 .
478 4438 483 4450 .
504 4395 600 4465 pulsus
619 4395 676 4448 fuit
694 4396 769 4451 fehlt
788 4398 832 4452 bei
851 4398 930 4454 Gold.
952 4399 993 4450 nr.
1014 4400 1043 4452 et
1065 4398 1136 4454 Ulm.
1156 4417 1181 4451 u.
1202 4399 1275 4455 Mon.
1297 4400 1318 4453 1.
