2806 4964
678 382 740 448 119

131 562 296 627 decoravit
319 561 514 624 maturitate.
564 559 651 623 Adeo
683 563 789 622 autem
817 560 884 623 haec
916 560 1039 624 familia
1070 564 1217 644 reputata
1239 565 1287 625 est

132 669 263 744 nobilia,
288 666 434 749 quamvis
450 666 492 728 sit
508 663 671 741 zunftalis,
696 669 731 727 ut
747 665 954 747 optimatibus
971 669 1002 727 et
1019 666 1191 728 maioribus
1207 671 1285 730 natu

132 773 304 837 connubiis
319 771 428 834 iuncta
444 769 667 853 multipliciter
682 769 872 833 inveniatur.
919 768 957 832 In
974 771 1069 832 curiis
1085 771 1180 834 etiarn
1197 772 1286 853 priu-

132 879 240 961 cipum
258 877 382 940 militiae
407 879 553 939 vacantes
577 875 660 937 inter
677 874 800 938 nobiles
823 897 928 938 servos
951 897 1015 938 non
1032 875 1169 939 minores
1192 899 1286 958 repu-

130 984 191 1046 tati
218 986 304 1045 sunt.
349 979 442 1044 Unde
459 980 534 1042 durn
556 979 589 1041 iu
606 980 742 1061 quodam
766 980 894 1063 agonali
910 979 985 1042 ludo
1009 979 1139 1062 quidam
1164 1003 1201 1042 ex
1226 981 1286 1044 hac

132 1088 259 1150 familia
275 1089 415 1149 armatus
432 1085 589 1148 incederet
604 1088 636 1146 et
651 1087 817 1147 stemmate
833 1106 890 1147 suo
912 1088 1043 1147 ornatus
1060 1085 1143 1147 inter
1161 1084 1284 1148 nobiles

132 1192 265 1269 luderet,
289 1191 406 1254 invasit
430 1212 500 1254 eum
526 1190 653 1272 quidam
677 1189 793 1253 nobilis
817 1190 1002 1271 increpatae,
1026 1211 1081 1252 cur
1105 1212 1195 1252 arma
1218 1212 1284 1252 suae

133 1297 298 1380 progeniei
321 1295 450 1378 propria
480 1295 564 1358 ferre
592 1298 805 1377 praesumeret.
853 1294 913 1368 Qui
944 1296 1019 1357 dum
1043 1295 1160 1357 diceret
1196 1317 1286 1358 arma

134 1401 189 1464 illa
212 1422 279 1464 suae
302 1398 434 1462 familiae
458 1419 523 1460 esse
547 1399 692 1480 propria,
725 1398 858 1462 deducta
882 1404 929 1462 est
962 1421 1057 1462 causa
1081 1400 1118 1461 ad
1143 1399 1285 1462 tribunal

134 1506 279 1583 Caesaris
303 1507 357 1589 qui
380 1505 472 1568 istam
496 1506 706 1568 mutationem
729 1504 814 1581 fecit,
839 1507 874 1565 ut
896 1503 1012 1566 nobilis
1037 1503 1135 1567 ferret
1158 1526 1284 1586 capram

134 1616 311 1688 cornutam,
336 1610 464 1673 Bitterli
481 1631 555 1672 vero
578 1631 705 1692 capram
731 1611 763 1672 in
780 1609 895 1673 eisdem
919 1609 1076 1672 coloribus
1100 1610 1166 1673 sine
1182 1611 1286 1673 corni-

135 1717 203 1781 bus.
250 1708 344 1781 Unde
376 1719 482 1779 autem
506 1714 567 1777 hoc
590 1737 704 1777 nomen
730 1714 856 1777 Bitterli
888 1713 936 1776 illi
960 1714 1089 1777 familiae
1113 1715 1285 1793 advenerit,

134 1844 194 1886 uon
223 1821 340 1885 audivi.
387 1819 447 1883 Sed
482 1820 557 1903 quia
581 1821 804 1883 diminutivum
837 1841 953 1881 sonans
977 1842 1108 1902 parvum
1133 1843 1307 1899 amarum,

135 1927 250 2010 opinor
273 1925 305 1986 in
330 1924 438 2008 aliqua
461 1926 665 2008 generatione
680 1926 756 1988 olim
779 1925 877 1987 luisse
906 1924 955 1989 vel
978 1947 1111 2007 puerum
1134 1927 1286 1989 seriosum

134 2036 187 2095 aut
219 2030 464 2093 homuncionem
487 2052 620 2112 parvum
644 2034 805 2112 potentem
828 2035 860 2092 et
882 2029 1031 2112 rigidum,
1055 2052 1147 2112 quem
1171 2031 1286 2112 vulgus

134 2133 259 2199 bitterli
283 2133 447 2197 nominare
475 2135 646 2197 consuevit.
693 2133 741 2197 De
764 2133 814 2196 his
839 2133 1118 2196 Bitterliuensibus
1151 2134 1286 2197 vidimus

130 2260 199 2305 aevo
225 2244 338 2302 nostro
360 2240 531 2322 magistros
555 2238 755 2317 nunftarum,
790 2238 926 2315 iudices,
949 2237 1109 2317 consules,
1134 2240 1284 2316 unitores,

124 2345 387 2421 ratiocinatoreS,
404 2345 576 2427 quintinos,
594 2345 783 2428 magistrum
796 2344 891 2406 curiae
904 2342 1081 2424 hospitalia,
1098 2347 1129 2405 et
1146 2349 1286 2407 maturos
1305 2343 1307 2346 ’

121 2452 217 2513 viros
253 2448 308 2530 qui
339 2447 434 2511 etiam
457 2449 668 2511 mittebantur
699 2448 904 2512 aconsulatu
929 2447 968 2510 ad
991 2448 1213 2530 imperatores),
1247 2449 1285 2511 ad

116 2573 225 2639 reges
243 2553 401 2634 principes
417 2556 450 2616 et
465 2553 502 2615 ad
518 2553 637 2631 diaetas,
657 2557 726 2615 tum
742 2557 871 2635 propter
887 2552 1090 2634 prudentiam
1105 2555 1174 2614 tum
1191 2553 1287 2616 etiam

109 2661 265 2742 propter
289 2678 492 2740 personarum
517 2657 728 2720 venerabilem
751 2658 943 2739 adspectum.

595 2816 794 2918 (lttinger
811 2833 832 2896 ¹.

222 2957 489 3056 (intingensiun12
513 2975 636 3038 familia
658 2975 816 3059 dignitate
840 2974 966 3052 floreus,
989 2996 1111 3057 semper
1135 2975 1167 3037 in
1191 2973 1288 3038 Ulnia

105 3078 346 3167 optimatibus
363 3078 470 3141 iuncta
493 3082 525 3141 et
541 3079 642 3142 amica
666 3079 763 3162 [fuitl.
812 3079 902 3142 Hanc
925 3079 1070 3142 nonnulli
1086 3079 1287 3162 suspicantur

104 3189 210 3251 olim
227 3206 268 3247 ex
282 3181 409 3245 Rhaetia
421 3180 550 3246 Ulmam
566 3183 699 3261 venisse,
716 3205 754 3246 ex
769 3185 895 3247 nomine
912 3188 1070 3247 sumentes
1081 3184 1286 3262 occasionem,

105 3289 227 3377 quasi
244 3288 316 3350 ideo
332 3287 446 3351 Oetten
468 3287 648 3351 dicerentur
671 3288 746 3371 quia
769 3289 807 3352 de
823 3288 1019 3371 Oettingen3
1042 3288 1158 3370 oppido
1173 3292 1287 3352 essent.

107 3391 204 3460 Hoc
236 3396 345 3455 tamen
377 3415 417 3454 an
443 3415 551 3458 verum
573 3393 632 3469 sit,
667 3392 755 3457 nullo
779 3393 917 3456 evidenti
953 3393 1134 3455 testimonio
1158 3393 1287 3476 probari

107 3501 253 3580 potest,
279 3497 354 3580 quia
369 3498 544 3580 antiquitas
568 3496 654 3561 illius
677 3499 819 3575 familiae,
842 3521 906 3581 qua
931 3497 1058 3562 Ulmam
1081 3497 1285 3576 inhabitavit,
1371 3486 1373 3489 ⁵

108 3604 211 3666 tulit
227 3600 364 3683 originis
386 3601 569 3679 memoriam
586 3607 715 3666 certam.
763 3603 809 3666 De
825 3603 885 3666 hac
902 3602 1025 3665 familia
1043 3601 1178 3666 vidimus
1195 3604 1286 3666 aunis

107 3719 209 3771 ante
227 3705 307 3768 actis
324 3706 356 3768 in
371 3704 468 3801 Ulnia
483 3706 610 3786 iudices,
627 3709 778 3787 consules,
798 3709 963 3791 praefectos
980 3713 1137 3772 terrarum
1153 3708 1288 3773 Ulmen·

107 3815 228 3889 sium,
255 3814 287 3872 et
309 3812 551 3893 predicatorum
575 3817 706 3893 tutores,
731 3837 894 3897 nunquam
918 3819 1025 3878 autem
1047 3815 1255 3878 mechanicos

704 3983 721 4021 *

209 4108 219 4157 r
243 4088 371 4190 oringes·
386 4107 485 4163 sohar.
506 4108 549 4161 nr.
586 4110 723 4177 eitingen
743 4109 862 4162 sirmia.
882 4109 969 4163 wau.
1018 4110 1055 4163 ue
1074 4105 1288 4175 Oetingensibus

117 4188 211 4247 Mon.
231 4192 257 4244 2.
295 4191 334 4244 De
353 4191 560 4261 Otingensibus.
581 4197 664 4248 Otteu
685 4195 752 4251 Gok.
776 4198 846 4250 hess.
909 4196 1168 4264 contingendum
1188 4192 1289 4247 Schad.

117 4273 210 4335 Mon.
229 4280 255 4332 2.
276 4279 318 4332 Kl.
356 4278 564 4352 Ottingenaium
586 4281 670 4335 Wibl.
707 4281 1056 4348 OttengensiumSchmid.
1093 4279 1286 4348 Otingensium

116 4362 204 4422 Golr.
226 4367 300 4420 Besa.
353 4368 370 4421 3
391 4367 446 4420 Das
464 4368 612 4422 stadtchen
631 4386 678 4422 am
696 4369 749 4422 Inn
767 4368 805 4421 ist
818 4370 891 4425 wohl
905 4369 1037 4437 gemeint,
1057 4368 1134 4421 nicht
1149 4352 1287 4434 (tetingen

121 4464 173 4506 an
193 4453 243 4507 der
264 4453 399 4507 Wernita.
702 4474 704 4478 ⁴

1039 4555 1080 4610 8*
