2806 4964
593 262 605 279 “
659 305 722 372 198

116 487 272 568 spectant,
297 484 422 549 etiamsi
443 483 596 568 mysticus
619 484 804 549 fabularum
826 507 953 564 sensus,
984 509 1048 570 qna
1070 493 1195 552 naturae
1217 487 1267 554 de-

116 589 263 674 signatur
286 611 405 668 cursus,
430 588 600 673 requisitus
623 588 732 654 fuerit.
778 590 865 654 Bene
893 612 969 676 ergo
997 598 1029 655 et
1052 597 1265 677 congruenter

116 717 161 774 ea,
186 717 255 779 quae
279 696 316 759 de
338 695 482 759 fontibus
505 694 636 759 orientis
660 696 780 780 scripta
803 699 895 775 sunt,
923 696 962 760 de
984 696 1104 761 nostris
1126 698 1266 784 intelligi

116 804 249 883 possunt
271 799 383 864 ceteris
407 798 547 882 paribus.
593 797 668 863 Non
692 805 798 866 autem
828 802 950 865 fontem
974 801 1130 867 Burronis
1153 805 1265 883 solum,

115 906 168 969 sed
192 909 224 970 et
246 905 392 989 scopulos
416 927 572 990 rupesque
606 905 763 970 montium
790 928 846 990 per
879 905 945 970 eius
976 929 1094 992 gyrum
1127 915 1266 974 sacratos

115 1011 211 1076 fuisse
234 1033 307 1076 cunr
329 1011 394 1075 suis
418 1011 529 1090 antris,
553 1031 646 1075 nemo
670 1015 718 1076 est
741 1013 796 1096 qui
818 1011 899 1097 legit
920 1014 1054 1097 antiqua
1069 1015 1215 1079 carmina
1237 1019 1267 1080 et

114 1139 178 1180 non
201 1117 317 1194 credat,
349 1116 399 1180 vel
433 1114 489 1200 qui
512 1115 592 1180 vidit
613 1113 833 1201 Augustinum
865 1118 903 1181 de
934 1116 1064 1182 civitate
1096 1119 1179 1200 Dei,
1214 1125 1267 1184 aut

114 1220 347 1307 Hieronymum
369 1221 403 1285 in
426 1222 491 1286 suis
514 1222 667 1306 epistolis,
692 1227 747 1287 aut
774 1222 949 1288 Eusebium
971 1225 1009 1287 de
1032 1226 1266 1308 praeparatione

114 1326 315 1412 evangelica,
347 1333 403 1392 aut
431 1326 590 1392 Joannem
616 1327 805 1393 Boccacium
836 1330 874 1393 de
905 1330 1094 1415 genealogia
1139 1331 1267 1396 deorum

5 1468 8 1474 ·
113 1433 300 1518 gentilium,
333 1456 405 1497 cum
434 1455 630 1522 pergyrum
653 1432 807 1497 Burronis
830 1433 863 1496 in
896 1433 986 1498 clivis
1015 1436 1180 1502 montium.
1201 1457 1266 1500 cer·

113 1543 235 1602 nuntur
249 1536 407 1604 horrenda
422 1537 648 1624 Nympharum
663 1537 855 1604 habitacula.
898 1538 974 1615 Quis
991 1540 1076 1605 enim
1094 1541 1263 1606 ascendens

112 1644 210 1708 clivos
234 1648 266 1708 et
286 1650 456 1727 penetrans
479 1667 578 1728 opaca
600 1649 632 1710 00
653 1645 825 1709 condensos
849 1643 1062 1730 virgultorum
1077 1644 1176 1710 rubos
1200 1668 1261 1710 non

112 1749 265 1827 miretur,
288 1749 386 1813 etiam
408 1749 563 1814 attonitus
586 1753 715 1834 stupore
739 1750 847 1815 videns
872 1772 1021 1814 cavernas
1039 1755 1071 1814 et
1085 1751 1261 1836 speluncas,

113 1855 264 1919 scissuras
286 1858 449 1938 petrarum
471 1854 652 1936 mirabiles,
687 1860 824 1940 angusta
851 1860 884 1919 et
905 1855 972 1920 lata
995 1855 1124 1940 rupium
1147 1859 1262 1920 antra?

114 1959 165 2023 Ex
188 1961 335 2027 omnibus
357 1962 407 2027 his
430 1962 552 2042 infero,
580 1963 704 2028 fontern
727 1961 880 2027 Burronis
904 1985 977 2027 cum
999 1965 1065 2027 suis
1088 1962 1259 2041 montibus,

113 2065 251 2130 vallibus
275 2071 308 2131 et
330 2068 418 2132 silvis
442 2068 519 2133 olim
541 2067 603 2132 diis
626 2071 843 2132 consecratum
866 2066 981 2145 fuisse,
1010 2068 1062 2132 vel
1095 2069 1137 2132 ad
1159 2068 1260 2132 minus

112 2172 316 2252 sacrahilem,
350 2196 423 2239 cum
453 2174 549 2238 etiam
582 2197 696 2257 parum
718 2196 815 2257 supra
837 2172 958 2238 fontem
980 2173 1014 2237 in
1038 2173 1121 2238 clivo
1145 2175 1259 2258 reperi-

112 2284 208 2344 antur
229 2279 436 2344 fundamenta
469 2270 760 2344 vetustissimarum⁴
786 2282 1037 2359 structurarum,
1071 2279 1259 2364 templorum

4 2451 6 2454 ,
112 2385 213 2469 signa,
237 2385 395 2469 praecipue
417 2389 525 2448 tamen
547 2384 581 2447 in
604 2384 672 2448 loco
695 2384 895 2463 monasterii,
919 2385 975 2448 ubi
998 2390 1046 2449 est
1069 2385 1259 2450 confluentia

37 2546 47 2558 .,
112 2489 246 2553 duorum
269 2489 438 2554 fluminum
456 2491 552 2554 hchae
576 2496 608 2553 et
630 2489 738 2554 Blauii
756 2490 775 2553 ¹.
821 2489 903 2553 Loco
935 2511 1012 2574 ergo
1035 2489 1092 2553 illo
1116 2491 1173 2554 diu
1196 2513 1258 2554 ma-

112 2598 207 2658 nente
222 2594 281 2659 sub
296 2594 367 2660 istis
384 2594 527 2678 profanis
543 2594 691 2672 cultibus
716 2594 844 2658 tandem
859 2593 1086 2678 Nympharum
1102 2595 1257 2659 destructo

112 2699 186 2778 ritu,
202 2702 332 2785 tyranni
348 2723 386 2764 ex
403 2701 522 2784 templo
540 2699 693 2764 Burronis
717 2698 835 2783 refugii
850 2703 971 2763 turrem
987 2699 1141 2764 fecerunt.
1187 2698 1257 2763 Post

110 2805 171 2869 hoc
194 2828 265 2871 curn
281 2807 417 2870 mundus
433 2807 632 2870 illuminatus
648 2810 730 2870 esset
752 2805 813 2870 fide
831 2804 1014 2883 christiana,
1038 2802 1149 2869 fideles
1170 2825 1257 2889 super

111 2911 318 2974 fundamenta
340 2911 424 2975 iacta
446 2910 606 2996 Nymphis
630 2909 793 2974 ecclesiam
815 2909 1009 2974 suscitavere
1038 2907 1073 2972 in
1106 2909 1255 2974 honorem

111 3015 213 3080 sancti
235 3014 369 3081 Joannis
393 3015 556 3099 Baptistae,

5 3136 109 3220 m‘ii‘iio.
243 3121 319 3206 »qui
342 3122 458 3186 meruit
480 3122 641 3186 lavantem
663 3121 788 3207 tingere
809 3120 982 3204 lymphis«.

112 3228 221 3292 statim
245 3232 352 3291 autem
384 3230 420 3290 ut
451 3226 536 3290 locus
570 3226 692 3291 dicatus
725 3225 788 3289 fuit
810 3223 928 3291 Joanni
953 3225 1126 3308 Baptistae,
1162 3225 1255 3291 omnis

110 3330 335 3417 Nympharum
358 3332 485 3416 repulsa
508 3336 556 3396 est
578 3331 740 3416 spurcitia,
765 3336 797 3396 00
820 3331 1024 3414 lympharum
1048 3334 1097 3395 est
1119 3330 1254 3395 sanctifi·

111 3442 218 3502 catum
240 3438 441 3516 elementum,
465 3442 497 3502 00
519 3459 689 3503 concursus
711 3437 912 3520 populorum,
936 3436 991 3520 qui
1006 3435 1115 3500 fuerat
1131 3438 1170 3501 ad
1186 3458 1253 3501 con·

111 3542 277 3607 sulendum
301 3543 429 3608 oracula
451 3541 687 3627 Nympharum,
711 3563 881 3606 conversus
905 3546 953 3605 est
976 3541 1015 3604 ad
1038 3541 1254 3606 honorandum

14 3667 94 3748 130qu
112 3648 378 3713 sanctificatorem
401 3646 615 3733 lympharum.
666 3646 755 3712 Unde
771 3647 853 3711 siout
869 3647 994 3730 antiqui
1015 3651 1104 3711 certo
1120 3647 1171 3712 die
1188 3645 1254 3712 anni

41 3738 47 3749 ⁹
95 3737 153 3817 'ad
175 3753 328 3836 templum
353 3752 577 3839 Nympharum
601 3753 780 3832 veniebant,
804 3756 836 3817 et
859 3751 985 3836 vigilias
1009 3751 1136 3817 insania
1151 3753 1253 3836 plenas

110 3859 322 3938 celebrabant,
346 3859 391 3922 sio
414 3864 486 3943 post
509 3859 611 3922 sancti
625 3856 761 3923 «loannis
786 3859 1015 3922 successionem
1037 3857 1085 3922 ibi
1106 3879 1252 3922 convene-

109 3969 186 4029 runt
208 3965 247 4029 ad
269 3966 392 4042 locum,
423 3970 454 4028 et
477 3963 610 4049 vigiliis,
642 3964 839 4028 orationibus
876 3968 908 4026 et
937 3961 1156 4028 oblationibus
1179 3963 1251 4027 cele·

109 4071 206 4136 brant
227 4072 345 4135 festum
368 4092 439 4134 cum
463 4091 581 4154 magna
603 4069 793 4153 populorum
812 4067 1003 4152 frequentia,
1027 4068 1137 4153 sicque
1159 4069 1253 4133 honor

675 4261 693 4299 *

181 4399 195 4452 1
215 4399 274 4454 Ach
293 4400 321 4453 et
340 4395 434 4452 Blauii
453 4397 526 4452 Mon.
547 4395 570 4449 1.
591 4394 674 4451 Gold.
692 4396 733 4452 ut.
