2806 4964
677 321 718 385 58

122 499 300 582 dispositos
348 497 415 561 Hos
437 496 576 561 civitatis
599 494 777 560 defensores
800 496 892 579 ponit
915 496 1105 562 Aristoteles
1127 498 1149 562 4
1182 499 1271 582 polit.

122 606 236 669 ultimo
259 604 327 667 loco
349 604 381 667 in
406 603 515 666 ordine
541 602 668 679 civium,
692 606 724 666 et
747 602 780 664 in
803 624 884 684 spec.
910 603 948 665 de
964 601 1182 669 iurisdictione
1206 630 1272 670 om-

121 711 210 773 nium
232 708 380 785 iudicum,
404 707 438 770 in
453 707 517 770 fine
534 729 600 789 cap.
625 707 662 771 de
679 706 896 771 defensoribus
912 707 1078 777 civitatum
1095 719 1151 793 per
1169 717 1272 776 totum

123 817 271 880 dicuntur
287 815 325 878 de
340 813 458 877 infimis
474 813 726 897 magistratibus,
747 834 812 876 non
828 812 954 895 quidem
970 817 1098 896 propter
1116 814 1273 881 vilitatem

124 919 332 997 conditioniS,
356 918 409 982 sed
433 922 563 1001 propter
584 917 764 982 libertatem
788 917 933 1000 ingenuae
955 919 1180 1001 generationis.
1229 922 1274 986 De

123 1025 238 1109 quibus
261 1024 337 1088 dicit
360 1021 558 1100 Aristoteles,
583 1023 637 1087 ubi
661 1046 772 1106 supra,
809 1022 892 1106 quod
915 1023 1113 1105 impossibile
1136 1028 1274 1091 estsine

123 1129 320 1215 principibus
344 1133 376 1193 et
399 1127 559 1193 nobilibus
583 1129 661 1192 bene
685 1151 751 1192 esse
774 1128 946 1192 civitatem.

212 1234 311 1298 Porro
344 1238 459 1318 praeter
493 1237 616 1297 exteros
651 1233 773 1297 nobiles
803 1233 924 1296 habent
956 1233 1076 1297 domini
1106 1233 1273 1301 Ulmenses

124 1341 331 1404 nihilominus
355 1340 479 1423 aliquos
503 1340 540 1403 de
564 1340 629 1403 suis
651 1339 812 1402 nobilibus
836 1337 957 1402 civibus
974 1339 1198 1422 stipendiarios
1222 1365 1272 1406 ar·

123 1450 258 1510 maturae
281 1445 419 1524 deditos,
451 1445 535 1508 inter
563 1465 642 1527 quos
674 1448 722 1508 est
749 1444 906 1528 ingenuus
930 1443 980 1506 vir
1002 1444 1149 1510 dominus
1172 1446 1273 1511 Leon·

125 1551 243 1614 hardus
265 1547 399 1630 1711111,
430 1550 520 1614 miles
552 1554 700 1614 strenuus
724 1553 755 1612 11
779 1549 899 1626 audax,
932 1548 1118 1631 imperatori
1152 1556 1184 1616 et
1207 1553 1274 1637 regi

125 1655 345 1719 Maximiliano
361 1656 535 1738 plurimum
551 1655 718 1738 pretiosus,
744 1653 796 1737 qui
814 1657 929 1735 praeter
949 1655 1135 1737 certamina,
1160 1658 1274 1742 quibus

125 1760 275 1823 militiam
298 1760 429 1843 adeptus
453 1762 510 1838 est,
535 1760 824 1842 peregrinationem
848 1760 1073 1825 occidentalem
1103 1784 1274 1847 aggressus

125 1865 235 1929 multis
259 1865 420 1929 laboribus
451 1868 483 1929 et
506 1864 653 1948 periculis
685 1864 840 1949 usquein
864 1863 1126 1931 SanctiPatricii
1156 1891 1276 1954 purga·

125 1970 243 2034 torium
268 1970 412 2048 devenit,
446 1971 534 2034 cuius
564 1969 710 2035 tenebras
740 1973 840 2034 tetras
871 1969 1095 2055 squaloresque
1127 1978 1275 2057 expertus

125 2076 249 2139 militiae
273 2099 337 2140 suae
360 2075 502 2140 balteum
525 2076 770 2160 splendidiorem
792 2077 975 2160 reportavit.
1024 2079 1025 2083 ’

213 2182 281 2246 Ηο1
305 2202 381 2265 ergo
413 2181 560 2259 comites,
584 2180 724 2259 nobiles,
756 2180 874 2244 milites
904 2184 936 2244 et
966 2181 1121 2246 militares
1150 2183 1185 2246 in
1209 2184 1276 2248 loco

126 2289 227 2352 civilis
250 2287 496 2352 coordinationis
520 2285 612 2368 posui
634 2285 718 2348 iusto
742 2286 851 2349 ordine
874 2285 960 2349 infra
982 2285 1100 2351 clerum
1124 2293 1156 2352 11
1179 2273 1276 2373 supra

126 2393 324 2457 dominatum
347 2391 412 2455 sive
435 2391 573 2454 civitatis
596 2390 781 2473 primatum,
813 2391 888 2473 quia
919 2413 990 2454 cum
1014 2395 1148 2476 utroque
1172 2394 1275 2477 parti·

127 2499 235 2582 cipant
257 2502 289 2562 et
312 2497 351 2561 ab
369 2501 503 2580 utroque
519 2496 680 2559 differunt.
727 2494 805 2559 (lum
821 2496 905 2559 clero
922 2495 1048 2578 quidem
1064 2497 1276 2583 ingenuitate,

127 2604 164 2667 de
181 2604 295 2685 quibus
318 2602 433 2666 dicitur
458 2602 474 2664 l
493 2600 580 2666 Petri
603 2601 640 2665 2⁰
658 2600 683 2664 ¹:
708 2623 764 2664 vos
788 2601 863 2666 estis
886 2623 986 2686 genus
1011 2603 1146 2668 electum
1169 2606 1277 2692 regale

128 2708 345 2771 sacerdotium.
378 2706 500 2771 nobiles
524 2707 608 2769 enim
631 2710 706 2770 sunt
728 2706 766 2769 de
789 2705 895 2770 electis
918 2706 1087 2790 generibus
1111 2713 1143 2773 et
1166 2711 1207 2775 de
1229 2734 1277 2776 re·

128 2811 254 2895 galibus
271 2811 428 2875 exercitiis
444 2811 670 2894 corporalibus,
687 2812 769 2875 sicut
784 2811 889 2880 clerici
905 2813 1135 2895 spiritualibus,
1152 2821 1186 2880 11
1203 2839 1277 2882 con·

128 2917 261 2980 veniunt
282 2918 315 2980 in
339 2911 468 2996 honore,
494 2919 569 3001 quia
593 2917 688 2981 militi
711 2922 743 3005 ct
766 2918 858 2982 docto
882 2919 995 2982 clerico
1019 2920 1151 3003 aequalis
1175 2922 1278 2987 honor

128 3020 268 3085 debetur.
315 3021 434 3089 Baldus
456 3028 563 3086 tamen
593 3022 669 3086 dicit
700 3023 734 3085 in
756 3023 921 3106 prohemio
951 3023 1148 3109 digestorum
1181 3051 1277 3111 supra

128 3125 214 3189 rubr.
239 3126 278 3189 ad
300 3126 366 3206 fin,
390 3127 473 3210 quod
496 3127 585 3191 miles
609 3127 870 3211 perhonorandus
894 3133 942 3192 est
964 3130 999 3193 in
1022 3131 1158 3195 sedendo
1176 3137 1208 3197 et
1228 3133 1277 3197 in·

127 3232 264 3296 cedendo
287 3255 381 3315 super
404 3233 564 3297 doctorem
587 3233 769 3317 simplicem.
815 3234 876 3298 Est
890 3235 985 3299 etiam
1002 3236 1120 3301 militia
1136 3237 1276 3322 dignitas

128 3339 209 3401 sicut
231 3337 397 3402 clericatus
421 3339 471 3420 (111
492 3338 611 3422 legitur
634 3343 666 3403 et
686 3343 817 3403 notatur
841 3341 860 3402 6
885 3345 995 3423 quaest.
1023 3343 1038 3404 1
1064 3364 1131 3425 cap.
1156 3345 1185 3407 si
1209 3345 1277 3429 quis

129 3446 185 3506 etc.
212 3443 373 3526 militare).
421 3443 563 3508 Dicimus
586 3445 681 3509 etiam
706 3447 789 3530 quod
813 3448 913 3530 pietas
941 3450 1053 3513 suadet
1077 3451 1278 3534 disciplinam

129 3547 310 3627 militarem,
335 3552 367 3612 et
388 3550 497 3614 eodem
519 3551 612 3613 modo
636 3551 856 3617 scholasticam
888 3555 1133 3635 11111110111111,
1171 3555 1278 3640 [prout

128 3651 246 3735 legitur
269 3656 301 3716 et
324 3657 455 3717 notatur
478 3654 512 3716 in
536 3654 556 3718 l.
581 3654 681 3718 Divus
705 3655 861 3720 Traianus
885 3659 917 3722 ff.
943 3659 1068 3742 [digest.
1094 3661 1122 3723 2.
1148 3661 1201 3724 tit.
1228 3662 1276 3724 12.

130 3779 182 3840 qu.
207 3759 237 3838 9}
261 3759 299 3821 de
322 3756 435 3840 feriis).
480 3758 600 3825 Idcirco
624 3762 766 3826 doctores
789 3762 968 3841 medicina,
997 3763 1106 3847 legum
1129 3769 1162 3829 et
1185 3787 1277 3830 cano·

129 3884 215 3939 num,
236 3862 380 3946 quamvis
403 3863 508 3927 clerici
531 3869 563 3928 et
585 3866 787 3930 ecclesiastici
809 3889 873 3930 non
896 3867 971 3947 siut,
996 3890 1060 3932 non
1074 3873 1183 3933 tamen
1206 3876 1278 3936 sunt

129 3967 213 4032 inter
236 3967 375 4052 plebeios
399 3971 611 4054 computandi,
636 3974 690 4036 sed
705 3973 790 4037 inter
805 3972 923 4037 milites
939 3977 971 4038 et
986 3974 1119 4055 nobiles,
1143 3999 1277 4061 quorum

129 4073 307 4159 privilegiis
330 4081 362 4141 et
385 4076 592 4158 amplioribus
616 4079 766 4162 gaudent.
813 4079 861 4144 De
884 4102 947 4163 quo
969 4080 1041 4144 vide
1064 4081 1277 4166 copiosissime

695 4264 712 4303 *

202 4397 216 4448 l
236 4399 250 4450 l
270 4396 342 4455 Petr.
363 4399 379 4452 2
399 4395 454 4469 [.9.]
474 4397 547 4452 Bess.
