2798 4950
670 308 712 374 66

119 493 174 553 vat
196 486 370 572 originem,
394 486 462 551 sine
485 487 712 552 recurvatione.
759 484 840 561 Quia
863 491 969 550 autem
992 485 1076 551 cives
1100 483 1265 553 Ulmenses

118 594 283 678 antiquam
315 591 494 657 nobilitatis
517 614 630 656 venam
653 613 723 655 non
747 595 953 655 servaverunt
982 614 1045 676 qua
1068 592 1148 656 olim
1171 593 1267 656 iuncti

117 699 279 763 nobilibus
304 702 403 775 erant,
426 698 496 761 ideo
520 720 604 760 nunc
619 696 742 761 nobiles
766 696 979 781 dedignantur
1003 695 1047 760 eis
1063 695 1268 762 familiariter

118 804 300 883 convivere,
333 826 390 868 nec
412 803 580 887 patiuntur
602 806 638 865 ut
661 802 702 866 ab
726 801 770 866 eis
794 801 983 879 tibizentur,
1018 803 1103 885 quod
1128 803 1209 867 olim
1231 803 1267 866 ab

119 932 226 974 eorum
249 908 394 993 patribus
417 908 568 974 volebant
589 908 715 973 habere.

206 1014 327 1090 Quarta
359 1013 537 1078 differentia
568 1012 685 1076 civium
708 1016 775 1091 est,
808 1014 891 1097 quod
923 1013 1022 1097 aliqui
1054 1013 1217 1098 simplices
1240 1017 1268 1078 et
1308 1078 1311 1083 ,

119 1141 224 1201 parvae
247 1119 462 1205 generationis
485 1118 592 1203 adepti
615 1119 763 1201 pecunias
787 1119 918 1182 veniunt
942 1118 1072 1183 Ulmam
1104 1124 1268 1203 quaerunt-

120 1247 181 1308 que
204 1226 320 1289 civium
344 1224 502 1290 connubia
525 1228 556 1288 et
579 1223 613 1287 in
637 1223 753 1287 civium
776 1225 864 1288 tertii
887 1225 1006 1289 ordinis
1034 1209 1140 1288 locum
1163 1246 1268 1288 ascen·

119 1331 216 1410 dunt,
250 1335 282 1394 et
309 1354 347 1395 ex
380 1328 538 1394 connubio
573 1333 604 1393 et
636 1328 745 1393 amicis
777 1328 917 1393 melioris
950 1329 1143 1394 conditionis
1177 1330 1266 1393 fiunt.

120 1459 234 1519 parum
250 1437 335 1501 enim
357 1435 477 1501 divitiae
494 1440 628 1521 prosunt
651 1437 718 1500 sine
734 1436 806 1500 aliis
826 1436 996 1521 requisitis
1042 1435 1138 1502 Unde
1160 1459 1268 1502 secun·

121 1541 196 1604 dnm
219 1545 499 1606 commentatorem
516 1540 645 1605 Catonis
668 1543 769 1604 metro
786 1541 828 1604 lo
852 1545 942 1625 parte
967 1542 983 1604 1
1009 1541 1140 1621 divitiae,
1165 1543 1268 1606 sinon
1296 1556 1298 1560 ’

120 1647 350 1712 concomitctur
376 1669 427 1711 eas
444 1645 594 1712 nobilitas
618 1650 650 1709 et
665 1649 859 1728 potentatus
884 1668 945 1710 non
970 1645 1094 1711 faciunt
1108 1645 1268 1709 hominem

121 1751 255 1832 felicem,
280 1755 333 1818 sed
362 1753 521 1818 infelicem
543 1753 563 1816 i.
588 1775 614 1816 e.
646 1752 888 1815 infortunatum.
935 1750 1027 1816 Unde
1062 1749 1268 1834 philosophus

121 1862 214 1922 vocat
229 1857 359 1923 divitem
374 1857 550 1943 ignobilem
564 1858 765 1923 fortunatum
779 1857 986 1935 insensatum,
1007 1855 1058 1920 vel
1073 1855 1269 1920 insensatum

122 1961 254 2029 felicem.
303 1962 349 2028 Ut
372 1986 448 2048 ergo
464 1964 577 2029 divites
601 1963 680 2027 facti
701 1963 735 2026 in
752 1962 970 2047 negotiatione
992 1962 1052 2038 vel,
1065 1962 1145 2026 alias
1169 1960 1269 2026 felici-

122 2072 189 2133 tate
213 2070 351 2153 gaudere
374 2065 507 2154 possint,
524 2068 653 2134 Ulmam
675 2069 807 2133 veniunt
831 2072 862 2132 et
878 2049 994 2133 civium
1016 2067 1222 2132 nobilitatem
1236 2088 1269 2130 ao

123 2178 312 2258 potestatem
346 2175 517 2260 acquirunt
549 2197 604 2258 per
628 2174 691 2238 alia
722 2174 836 2238 merita
865 2173 1099 2257 subsequentia.
1146 2172 1206 2237 Isti
1228 2171 1269 2234 sic

122 2279 198 2344 facti
230 2280 313 2345 cives
337 2285 368 2346 et
401 2281 522 2345 nobiles
553 2284 686 2365 possunt
714 2280 793 2344 bene
824 2280 926 2343 dicere
949 2278 1053 2342 illud1
1089 2275 1185 2341 Zach.
1203 2276 1267 2341 11:

122 2368 311 2450 Benedictus
345 2387 490 2451 dominus
514 2386 590 2470 quia
619 2386 732 2450 divites
756 2385 833 2449 facti
857 2407 974 2449 sumus.
1020 2382 1114 2448 Unde
1137 2369 1269 2446 Prover-

122 2487 248 2554 biorum
269 2491 400 2556 ultimo:
432 2491 614 2556 Benedictio
637 2491 756 2555 domini
780 2490 892 2554 divites
915 2489 1003 2553 facit.
1049 2488 1143 2553 Tales
1168 2491 1270 2551 autem

122 2596 289 2677 praecipue
305 2620 361 2681 per
373 2597 600 2677 liberalitatem
618 2619 650 2661 se
663 2596 831 2660 nobilitate
846 2595 960 2680 dignos
973 2599 1127 2678 aptosque
1139 2593 1269 2670 faciunt,

125 2700 200 2784 quia
223 2701 397 2766 liberalitas
421 2707 469 2766 est
491 2702 655 2785 proprium
679 2701 841 2766 nobilitati
872 2703 922 2783 (ut
945 2701 1064 2785 legitur
1087 2703 1119 2763 et
1142 2703 1271 2763 notatur

123 2804 157 2868 in
180 2829 247 2889 cap.
274 2809 291 2870 1
316 2808 353 2871 de
376 2807 510 2890 donat).

212 2911 332 2987 Quinta
355 2913 533 2977 differentia
556 2914 724 2978 tertiorum
746 2914 863 2978 civium
885 2917 943 2991 est,
967 2911 1042 2996 quia
1065 2910 1177 2994 aliqui,
1200 2909 1272 2974 licet

124 3039 188 3081 non
212 3018 278 3081 sint
299 3018 422 3082 nobiles
445 3042 502 3083 nec
524 3020 647 3099 divites,
671 3026 746 3085 sunt
769 3024 874 3083 tamen
904 3019 938 3081 in
961 3017 1054 3081 rebus
1078 3014 1201 3080 bellicis
1223 3015 1272 3078 in·

125 3122 239 3186 dustrii
261 3128 293 3187 et
316 3124 446 3189 audaces
470 3125 520 3188 vel
544 3126 622 3190 alias
646 3125 798 3210 insignes,
823 3128 854 3188 et
878 3124 958 3187 tales
992 3120 1154 3184 venientes
1177 3117 1271 3200 recipi

126 3232 260 3310 possunt
282 3228 315 3294 in
339 3229 468 3292 illorum
491 3229 608 3293 civium
623 3230 826 3307 consortium,
850 3227 1016 3311 praecipue
1032 3226 1059 3289 si
1081 3224 1273 3289 connubium

125 3332 289 3397 accesserit
321 3334 405 3397 inter
427 3334 511 3398 cives
545 3335 632 3398 illius
656 3335 785 3400 ordinis.
835 3332 885 3396 Sic
908 3332 1047 3396 Hesther
1080 3328 1271 3414 paupercula

124 3435 237 3502 Judaea
255 3442 418 3521 assumpta
443 3440 505 3503 fuit
527 3439 561 3502 in
585 3439 729 3523 reginam
745 3438 914 3503 Persarum
937 3440 1067 3521 propter
1083 3432 1274 3518 elegantiam

126 3546 157 3606 et
174 3548 372 3608 venustatem
389 3543 410 3624 2,
434 3544 549 3609 Hesth.
566 3546 595 3607 2.
634 3545 679 3607 Et
695 3542 771 3608 Saul
794 3544 956 3606 asinorum
971 3544 1080 3624 pastor
1104 3539 1222 3605 electus
1244 3536 1275 3600 in

127 3669 234 3731 regem
257 3647 354 3714 Israel
381 3650 450 3729 fuit,
475 3651 551 3734 quia
573 3655 642 3714 erat
665 3651 714 3714 vir
737 3651 838 3714 bonus
863 3652 894 3712 et
921 3668 1059 3731 procerae
1082 3650 1216 3709 staturae
1240 3643 1276 3707 ab

126 3753 258 3819 humero
292 3760 324 3820 et
357 3780 483 3820 sursum
516 3757 637 3820 cunctis
669 3754 980 3839 supereminens³·1
1016 3750 1096 3835 Reg.
1121 3751 1153 3814 9,
1174 3753 1206 3815 et
1230 3748 1275 3811 10.

125 3859 170 3923 Et
186 3860 298 3940 David,
310 3865 419 3945 pastor
431 3863 547 3942 ovium,
561 3884 616 3926 rex
631 3862 694 3926 fuit
705 3868 836 3945 propter
852 3859 1086 3925 animositatem
1100 3856 1117 3919 1
1131 3855 1214 3940 Reg.
1226 3853 1272 3918 17.

690 3966 706 4001 a

198 4044 210 4096 1
233 4043 313 4097 Zach.
336 4045 374 4108 11,
394 4045 410 4096 5
430 4043 488 4097 und
506 4045 629 4098 naohher
647 4044 727 4099 Prov.
748 4042 850 4099 Salem.
874 4043 975 4105 11122,
1024 4040 1040 4092 2
1061 4038 1136 4092 Esth.
1157 4038 1182 4101 2,
1197 4039 1220 4091 7.
1236 4033 1272 4088 17.

128 4135 143 4186 3
167 4131 234 4185 Kein
248 4131 318 4185 citat
331 4132 423 4186 haben
436 4131 497 4184 Seh.
511 4131 555 4186 Κ1.
574 4132 658 4185 Wibl.
700 4133 710 4183 1
732 4130 800 4199 Reg.
820 4131 835 4182 9
855 4129 911 4182 und
933 4131 963 4184 lt
984 4129 1054 4183 Mon.
1074 4127 1099 4181 2.
1139 4128 1151 4179 1
1174 4125 1240 4192 Reg.
1257 4122 1271 4173 9

127 4217 198 4273 Bess.
236 4217 388 4272 Die-stelle
407 4236 460 4273 von
480 4216 547 4270 Saul
567 4217 604 4270 ist
625 4220 636 4270 1
657 4217 730 4272 Sam.
752 4219 778 4281 9,
796 4219 820 4279 2,
840 4217 897 4270 und
912 4217 1011 4271 ebenso
1033 4216 1071 4276 10,
1090 4213 1131 4266 23.
1152 4212 1201 4277 24;
1221 4226 1269 4264 von

127 4307 217 4361 David
239 4310 250 4360 1
273 4308 346 4361 Sam.
361 4308 406 4368 11;
426 4305 483 4358 und
502 4322 556 4360 von
570 4305 700 4360 Salomon
715 4308 738 4358 1.
753 4306 821 4360 Κὸη.
836 4306 859 4365 3,
884 4306 922 4356 ll.
943 4303 984 4356 28.
1004 4302 1028 4365 l,
1047 4301 1080 4353 29
1096 4299 1138 4352 bis
1151 4300 1201 4362 3l;
1221 4313 1267 4350 von

127 4394 251 4466 Jephtha
269 4396 321 4448 hat
334 4393 419 4447 Wibl.
439 4393 504 4446 kein
523 4393 603 4458 citat,
622 4393 682 4448 Sch.
701 4393 757 4447 und
773 4394 815 4449 Kl.
828 4411 881 4446 nur
899 4391 1037 4457 Judicum,
1057 4387 1131 4441 Besa
1149 4386 1213 4450 Jud.
1233 4384 1267 4437 11.
