2806 4964
675 347 738 412 184

130 522 298 587 missarum
330 520 551 604 religiosarum
589 522 772 607 detegerent
805 522 985 606 arguendo,
1025 524 1222 589 obsecrando
1252 529 1282 590 et

129 627 337 711 increpando,
371 630 408 690 ut
429 626 482 689 sic·
500 625 618 690 virtute
641 626 740 690 divini
768 627 857 691 verbi
879 627 1014 692 materia
1036 635 1280 713 praepararetur,

131 734 214 817 quod
238 735 270 796 et
285 731 346 795 Dei
369 730 474 815 gratia
489 729 611 794 factum
633 730 707 809 fuit,
731 732 806 815 quia
822 731 929 815 plures
953 734 991 796 ad
1008 737 1131 816 partem
1149 735 1282 799 domina

129 839 293 922 magistra
316 836 531 920 confugerunt
554 836 727 901 clamantes
751 858 808 920 pro
830 837 1041 901 observantia.
1066 840 1176 922 sicque
1198 839 1282 905 facta

20 1027 22 1030 Α
129 943 194 1007 fuit
216 943 353 1008 salubris
376 941 489 1006 divisio
512 941 545 1005 in
570 946 745 1021 conventu,
779 965 843 1005 una
876 942 1005 1026 petebat
1035 943 1281 1022 observantiam,

131 1049 232 1113 altera
254 1071 328 1133 pars
351 1047 555 1125 reclamabat,
580 1052 710 1131 eratque
726 1047 913 1130 quotidiana
936 1048 1097 1113 contentio
1120 1049 1281 1115 intereas

130 1155 174 1219 ut
190 1154 265 1238 quia·
287 1174 396 1217 omnes
412 1151 564 1216 moniales
582 1153 619 1216 de
642 1152 793 1216 nobiliori
809 1151 986 1216 Suanorum
1010 1154 1169 1239 sanguine
1185 1159 1283 1234 erant,

130 1265 274 1344 utraeque
297 1281 370 1324 suos
393 1258 585 1321 invocabant
608 1259 743 1336 amicos,
768 1279 830 1342 quo
853 1257 973 1321 factum
995 1257 1068 1336 fuit,
1091 1262 1128 1322 ut
1151 1259 1283 1324 barones

131 1368 163 1429 et
184 1364 318 1442 milites,
350 1362 496 1446 partibus
529 1363 690 1441 faventes,
725 1363 882 1426 discordes
915 1363 1038 1428 fierent.
1086 1363 1157 1428 Hoc
1187 1369 1225 1429 ut
1247 1365 1283 1428 ad

131 1491 221 1533 aures
238 1466 382 1552 pervenit
397 1466 531 1530 illustris
544 1467 680 1530 dominae
692 1465 873 1532 Mechtildis
898 1467 1121 1533 archiducissae
1144 1470 1283 1535 Austriae

133 1575 234 1638 viduae
247 1575 268 1653 ¹,
293 1596 363 1658 quae
378 1573 411 1635 in
436 1570 645 1656 Botenburga
664 1595 758 1655 super
774 1570 949 1657 Neocarum
965 1573 1135 1652 residebat,
1161 1574 1284 1659 potenti

132 1680 252 1743 virtute
266 1701 325 1741 usa
337 1677 485 1741 abbatem
498 1677 599 1741 sancti
612 1677 741 1762 Georgii
752 1700 865 1760 parum
877 1681 954 1742 tnnc
966 1677 1117 1763 religioni
1135 1679 1281 1744 affectum

134 1786 172 1847 ad
197 1806 230 1847 se
252 1781 436 1859 inclinavit,
469 1782 519 1845 vel
551 1783 657 1864 potius
681 1781 856 1846 terroribus
886 1783 1029 1859 induxit,
1061 1787 1098 1846 ut
1121 1807 1283 1850 assensum

34 1884 120 1964 22⁰3,
132 1888 288 1971 praeberet
320 1908 378 1970 pro
409 1886 636 1951 reformatione
665 1892 848 1951 conventus
890 1909 959 1972 quo
985 1889 1096 1952 habito
1133 1889 1223 1954 misit
1252 1890 1282 1953 in

133 1991 346 2076 Bystadium²
365 1989 617 2076 [Bichstadium]
643 1995 675 2055 et
699 1992 736 2056 de
751 1993 943 2057 monasterio
960 1999 1078 2057 sanctae
1096 1992 1283 2079 Walpurgis

133 2096 306 2162 reformato
331 2096 450 2159 ordinis
484 2097 585 2159 sancti
608 2093 772 2161 Benedicti
806 2098 918 2162 adduci
940 2098 1016 2163 fecit
1039 2099 1282 2178 reformatrices,

133 2224 204 2266 cum
228 2201 342 2285 quibus
366 2201 400 2263 in
422 2198 624 2285 Urspringen
654 2201 742 2266 venit
772 2201 893 2267 habens
915 2202 949 2265 in
979 2205 1136 2268 comitatu
1158 2204 1283 2270 abbates

133 2308 355 2371 reformatores
395 2306 602 2370 cartusienses
633 2311 665 2370 et
697 2306 821 2390 aliquos
841 2307 969 2380 ¹fratres
1001 2310 1225 2392 praedicatores
1254 2313 1282 2373 et

132 2412 251 2476 multos
267 2412 389 2476 nobiles
400 2431 458 2494 pro
475 2414 566 2493 parte
576 2411 795 2476 observantiae.
832 2412 1038 2478 Advenerunt
1050 2416 1150 2480 etiam
1165 2416 1282 2480 nobiles

136 2541 194 2602 pro
211 2517 274 2581 alia
298 2523 388 2601 parte
403 2517 499 2581 multi
514 2516 680 2601 utriusque
695 2541 797 2597 sexus,
822 2519 969 2604 factaque
992 2524 1040 2584 est
1054 2522 1189 2604 grandis
1213 2542 1282 2584 con-

133 2624 279 2708 gregatio
296 2624 328 2686 in
351 2622 407 2687 illo
424 2621 627 2686 monasterio.
675 2622 734 2687 Sed
757 2623 833 2707 quia
849 2625 1062 2689 archiducissa
1078 2631 1195 2709 potens
1211 2629 1282 2702 erat,

133 2751 225 2792 nemo
248 2750 280 2792 se
297 2727 325 2792 ei
349 2727 498 2812 opposuit
521 2729 559 2792 de
575 2729 780 2793 secularibus.
825 2728 921 2794 Anno
937 2731 1039 2815 igitur
1062 2731 1187 2794 domini
1206 2731 1283 2794 1475

134 2854 205 2897 cum
220 2834 348 2897 domina
361 2833 574 2898 archiducissa
587 2856 658 2897 curn
675 2834 740 2898 suis
753 2835 874 2899 curiam
889 2837 1073 2900 monasterii
1089 2835 1283 2920 Urspringcn

135 2944 216 3003 esset
238 2939 382 3024 ingressa
404 2941 509 3024 gratia
532 2939 778 3019 reformationis,
802 2941 954 3005 moniales
977 2941 1017 3004 ab
1040 2940 1218 3006 intrarem
1240 2941 1284 3004 in·

137 3044 319 3128 telligentes
343 3045 383 3107 ab
407 3043 543 3107 invicem
558 3045 666 3108 divisae
690 3051 774 3123 sunt,
798 3068 951 3129 unapars
974 3049 1007 3110 et
1029 3047 1139 3110 sanior
1155 3047 1283 3111 domina

32 3145 299 3234 mfflff¹35„magistrae
323 3149 464 3227 adhaesit,
499 3149 532 3211 in
557 3173 619 3233 qua
644 3156 712 3214 erat
734 3151 863 3215 domina
885 3151 1009 3216 Helena
1032 3152 1071 3215 de
1093 3150 1283 3224 Hr‘irnbaim,

134 3255 286 3338 priorissa
322 3258 510 3331 conventus,
551 3278 622 3318 curn
657 3255 728 3319 aliis
765 3256 954 3340 quibusdam
986 3257 1067 3320 bene
1098 3255 1283 3320 volentibus.

137 3361 210 3423 Alia
234 3382 308 3424 vero
331 3383 404 3443 pars
429 3385 447 3423 a
470 3360 598 3425 domina
615 3361 769 3444 magistra
792 3361 945 3439 discessit,
968 3362 1002 3424 in
1026 3383 1089 3444 qua
1112 3365 1206 3444 parte
1222 3361 1283 3424 erat

136 3465 263 3528 domina
289 3465 428 3529 Barbara
451 3464 642 3549 deLapide³
668 3470 699 3528 et
722 3466 827 3548 plures
850 3467 921 3530 aliae
943 3465 1119 3529 iuvenculae
1144 3470 1176 3529 et
1200 3485 1281 3529 senes

136 3568 273 3649 nobiles,
303 3593 373 3654 quae
396 3593 504 3635 omnes
528 3593 591 3635 uno
615 3571 721 3634 animo
744 3576 813 3635 toto
837 3571 908 3634 nisu
932 3569 1155 3634 reformationi
1177 3591 1211 3634 se
1234 3592 1283 3652 op·

703 3712 719 3748 =l<

207 3814 393 3868 lMeehthild
421 3830 479 3867 war
511 3815 603 3869 witwe
637 3815 684 3869 des
715 3816 881 3885 Eraherzogs
911 3815 1044 3869 Albrecht
1073 3832 1129 3869 von
1162 3800 1283 3869 bearem

135 3903 164 3972 (†
186 3904 259 3967 1463,
280 3903 329 3956 der
347 3903 386 3956 sie
404 3903 446 3955 als
465 3904 556 3956 witwe
574 3902 621 3957 des
642 3903 746 3957 Grafen
760 3901 877 3967 Ludwig
897 3919 952 3956 von
967 3901 1161 3970 Wirtemberg
1181 3906 1197 3968 †
1220 3904 1279 3956 1450

136 3990 294 4059 geheiratet
312 3991 401 4052 hatte,
422 3989 512 4043 Stalin
527 3990 573 4051 ΙΙΙ,
593 4009 613 4043 s,
637 3990 701 4044 Vlll
720 3989 778 4044 und
791 3990 843 4042 493
858 3987 911 4055 ff.);
932 3988 989 4041 und
1008 3991 1117 4042 mutter
1130 3988 1178 4043 des
1191 3992 1280 4044 ersten

136 4078 259 4146 Herzogs
270 4096 323 4133 von
336 4078 555 4146 Wiirttemberg‚
577 4078 734 4131 Eberhards
752 4078 792 4129 im
807 4077 881 4131 Bart.
912 4074 1008 4144 Vergl.
1025 4076 1212 4144 Memminger
1231 4094 1279 4132 oa.

136 4163 313 4219 Blaubeuren
333 4183 353 4219 s.
373 4163 431 4218 208.
519 4165 721 4221 2Xustaviam
741 4165 777 4234 (t)
798 4165 868 4219 Mon.
891 4167 913 4217 1.
970 4164 1136 4218 Bustaviam
1161 4163 1223 4219 sch.
1244 4163 1280 4216 Kl⁴

136 4251 222 4306 Wibl.
243 4254 331 4306 Schm.
351 4253 407 4306 und
429 4253 508 4308 Gold.
528 4256 568 4306 ut.
589 4255 641 4306 mit
660 4253 736 4307 einer
756 4253 884 4306 variante
904 4255 986 4306 unter
1006 4253 1069 4306 dem
1087 4255 1166 4306 text:
1188 4253 1282 4320 Bysta-

137 4339 230 4404 dium;
250 4341 321 4396 ohne
345 4340 451 4394 zweifel
471 4341 630 4402 Eichst'adt,
661 4359 703 4395 wo
723 4340 767 4393 die
787 4341 933 4394 berdhmte
961 4339 1223 4409 Walpurgiskirche
1242 4339 1281 4392 ist.

137 4431 154 4484 3
172 4429 299 4484 Barbara
320 4447 375 4485 von
394 4429 475 4484 Stain
494 4429 580 4483 Wibl.
617 4430 745 4482 Barbara
765 4446 826 4484 vom
847 4427 927 4481 Stain
949 4425 1039 4482 Schm.
