<?xml version="1.0" encoding="UTF-8"?>
<!DOCTYPE html PUBLIC "-//W3C//DTD XHTML 1.0 Transitional//EN"
    "http://www.w3.org/TR/xhtml1/DTD/xhtml1-transitional.dtd">
<html xmlns="http://www.w3.org/1999/xhtml" xml:lang="en" lang="en">
 <head>
  <title>
</title>
<meta http-equiv="Content-Type" content="text/html;charset=utf-8" />
  <meta name='ocr-system' content='tesseract 3.04.00' />
  <meta name='ocr-capabilities' content='ocr_page ocr_carea ocr_par ocr_line ocrx_word'/>
</head>
<body>
  <div class='ocr_page' id='page_1' title='image "./fratrisfelicisf03fabrgoog_0225.png"; bbox 0 0 2806 4964; ppageno 0'>
   <div class='ocr_carea' id='block_1_1' title="bbox 680 360 744 425">
    <p class='ocr_par' dir='ltr' id='par_1_1' title="bbox 680 360 744 425">
     <span class='ocr_line' id='line_1_1' title="bbox 680 360 744 425; baseline 0 -1"><span class='ocrx_word' id='word_1_1' title='bbox 680 360 744 425; x_wconf 82' lang='lat'>212</span> 
     </span>
    </p>
   </div>
   <div class='ocr_carea' id='block_1_2' title="bbox 136 531 1281 726">
    <p class='ocr_par' dir='ltr' id='par_1_2' title="bbox 136 531 1281 726">
     <span class='ocr_line' id='line_1_2' title="bbox 137 531 1281 623; baseline 0.008 -27"><span class='ocrx_word' id='word_1_2' title='bbox 137 554 235 617; x_wconf 87' lang='lat' dir='ltr'>usque</span> <span class='ocrx_word' id='word_1_3' title='bbox 259 532 298 596; x_wconf 86' lang='lat' dir='ltr'>ad</span> <span class='ocrx_word' id='word_1_4' title='bbox 314 531 427 618; x_wconf 86' lang='lat' dir='ltr'>Hystri</span> <span class='ocrx_word' id='word_1_5' title='bbox 451 532 566 598; x_wconf 89' lang='lat' dir='ltr'>fontes.</span> <span class='ocrx_word' id='word_1_6' title='bbox 611 532 877 623; x_wconf 83' lang='lat' dir='ltr'>Negotiatoribus</span> <span class='ocrx_word' id='word_1_7' title='bbox 892 538 1011 603; x_wconf 89' lang='lat' dir='ltr'>nostris</span> <span class='ocrx_word' id='word_1_8' title='bbox 1033 539 1176 605; x_wconf 90' lang='lat' dir='ltr'>multum</span> <span class='ocrx_word' id='word_1_9' title='bbox 1198 541 1281 605; x_wconf 85' lang='lat' dir='ltr'>affert</span> 
     </span>
     <span class='ocr_line' id='line_1_3' title="bbox 136 636 1281 726; baseline 0.004 -23"><span class='ocrx_word' id='word_1_10' title='bbox 136 638 292 703; x_wconf 88' lang='lat' dir='ltr'>commodi</span> <span class='ocrx_word' id='word_1_11' title='bbox 306 639 335 718; x_wconf 87' lang='lat'>¹,</span> <span class='ocrx_word' id='word_1_12' title='bbox 368 638 423 722; x_wconf 90' lang='lat' dir='ltr'>qui</span> <span class='ocrx_word' id='word_1_13' title='bbox 446 661 465 703; x_wconf 89' lang='lat' dir='ltr'>a</span> <span class='ocrx_word' id='word_1_14' title='bbox 487 639 616 704; x_wconf 82' lang='lat' dir='ltr'>civitate</span> <span class='ocrx_word' id='word_1_15' title='bbox 638 636 784 704; x_wconf 83' lang='lat' dir='ltr'>Ulmenai</span> <span class='ocrx_word' id='word_1_16' title='bbox 807 663 863 725; x_wconf 90' lang='lat' dir='ltr'>per</span> <span class='ocrx_word' id='word_1_17' title='bbox 884 641 989 726; x_wconf 89' lang='lat' dir='ltr'>ipsum</span> <span class='ocrx_word' id='word_1_18' title='bbox 1012 643 1047 708; x_wconf 92' lang='lat' dir='ltr'>in</span> <span class='ocrx_word' id='word_1_19' title='bbox 1070 644 1210 710; x_wconf 84' lang='lat' dir='ltr'>Bavaria</span> <span class='ocrx_word' id='word_1_20' title='bbox 1231 650 1281 710; x_wconf 88' lang='lat' dir='ltr'>etc.</span> 
     </span>
    </p>
   </div>
   <div class='ocr_carea' id='block_1_3' title="bbox 225 793 1082 875">
    <p class='ocr_par' dir='ltr' id='par_1_3' title="bbox 225 793 1082 875">
     <span class='ocr_line' id='line_1_4' title="bbox 225 793 1082 875; baseline 0.006 -16"><span class='ocrx_word' id='word_1_21' title='bbox 225 793 315 860; x_wconf 80' lang='lat' dir='ltr'>Gold.</span> <span class='ocrx_word' id='word_1_22' title='bbox 343 796 420 875; x_wconf 85' lang='lat' dir='ltr'>das,</span> <span class='ocrx_word' id='word_1_23' title='bbox 444 794 496 861; x_wconf 85' lang='lat' dir='ltr'>Fr.</span> <span class='ocrx_word' id='word_1_24' title='bbox 521 818 544 862; x_wconf 83' lang='lat' dir='ltr'>a.</span> <span class='ocrx_word' id='word_1_25' title='bbox 569 797 612 860; x_wconf 89' lang='grc'>49</span> <span class='ocrx_word' id='word_1_26' title='bbox 635 819 664 862; x_wconf 88' lang='lat' dir='ltr'>v.</span> <span class='ocrx_word' id='word_1_27' title='bbox 689 799 718 863; x_wconf 84' lang='lat'>3.</span> <span class='ocrx_word' id='word_1_28' title='bbox 757 797 843 865; x_wconf 90' lang='lat' dir='ltr'>Ulm.</span> <span class='ocrx_word' id='word_1_29' title='bbox 868 822 891 863; x_wconf 91' lang='lat' dir='ltr'>s.</span> <span class='ocrx_word' id='word_1_30' title='bbox 919 800 960 864; x_wconf 87' lang='grc'>14</span> <span class='ocrx_word' id='word_1_31' title='bbox 981 823 1006 866; x_wconf 89' lang='lat' dir='ltr'>z.</span> <span class='ocrx_word' id='word_1_32' title='bbox 1031 801 1082 865; x_wconf 90' lang='grc'>34.</span> 
     </span>
    </p>
   </div>
   <div class='ocr_carea' id='block_1_4' title="bbox 61 901 1283 2650">
    <p class='ocr_par' dir='ltr' id='par_1_4' title="bbox 61 901 1283 2565">
     <span class='ocr_line' id='line_1_5' title="bbox 224 901 1282 972; baseline 0.006 -7"><span class='ocrx_word' id='word_1_33' title='bbox 224 901 307 966; x_wconf 89' lang='lat' dir='ltr'>unde</span> <span class='ocrx_word' id='word_1_34' title='bbox 339 901 443 966; x_wconf 86' lang='lat' dir='ltr'>aurati</span> <span class='ocrx_word' id='word_1_35' title='bbox 477 901 601 966; x_wconf 89' lang='lat' dir='ltr'>velleris</span> <span class='ocrx_word' id='word_1_36' title='bbox 632 901 743 967; x_wconf 87' lang='lat' dir='ltr'>fabula</span> <span class='ocrx_word' id='word_1_37' title='bbox 774 903 909 967; x_wconf 89' lang='lat' dir='ltr'>conficta</span> <span class='ocrx_word' id='word_1_38' title='bbox 941 908 990 969; x_wconf 92' lang='lat' dir='ltr'>est</span> <span class='ocrx_word' id='word_1_39' title='bbox 1001 903 1024 969; x_wconf 78' lang='lat'>².</span> <span class='ocrx_word' id='word_1_40' title='bbox 1071 903 1282 972; x_wconf 74' lang='lat' dir='ltr'>Veruntamen</span> 
     </span>
     <span class='ocr_line' id='line_1_6' title="bbox 135 1005 1282 1089; baseline 0.003 -18"><span class='ocrx_word' id='word_1_41' title='bbox 135 1005 334 1072; x_wconf 80' lang='lat' dir='ltr'>translator³</span> <span class='ocrx_word' id='word_1_42' title='bbox 368 1005 511 1071; x_wconf 87' lang='lat' dir='ltr'>historiae</span> <span class='ocrx_word' id='word_1_43' title='bbox 545 1005 689 1071; x_wconf 87' lang='lat' dir='ltr'>Troianae</span> <span class='ocrx_word' id='word_1_44' title='bbox 719 1007 753 1070; x_wconf 87' lang='lat' dir='ltr'>in</span> <span class='ocrx_word' id='word_1_45' title='bbox 781 1007 892 1072; x_wconf 88' lang='lat' dir='ltr'>stilum</span> <span class='ocrx_word' id='word_1_46' title='bbox 913 1008 1122 1089; x_wconf 79' lang='lat' dir='ltr'><strong>familiarem,</strong></span> <span class='ocrx_word' id='word_1_47' title='bbox 1160 1012 1282 1076; x_wconf 89' lang='lat' dir='ltr'>delectis</span> 
     </span>
     <span class='ocr_line' id='line_1_7' title="bbox 61 1110 1282 1202; baseline 0.005 -27"><span class='ocrx_word' id='word_1_48' title='bbox 61 1119 65 1127; x_wconf 83' lang='lat'>&#39;</span> <span class='ocrx_word' id='word_1_49' title='bbox 133 1111 306 1197; x_wconf 86' lang='lat' dir='ltr'>figmentis,</span> <span class='ocrx_word' id='word_1_50' title='bbox 331 1110 433 1177; x_wconf 71' lang='lat' dir='ltr'>(luido</span> <span class='ocrx_word' id='word_1_51' title='bbox 449 1113 488 1176; x_wconf 86' lang='lat' dir='ltr'>de</span> <span class='ocrx_word' id='word_1_52' title='bbox 505 1111 666 1176; x_wconf 89' lang='lat' dir='ltr'>calumnia</span> <span class='ocrx_word' id='word_1_53' title='bbox 681 1112 702 1176; x_wconf 92' lang='lat' dir='ltr'>l.</span> <span class='ocrx_word' id='word_1_54' title='bbox 721 1114 749 1176; x_wconf 87' lang='lat'>1.</span> <span class='ocrx_word' id='word_1_55' title='bbox 772 1134 798 1177; x_wconf 93' lang='lat' dir='ltr'>c.</span> <span class='ocrx_word' id='word_1_56' title='bbox 819 1115 857 1192; x_wconf 93' lang='lat' dir='ltr'>l.,</span> <span class='ocrx_word' id='word_1_57' title='bbox 881 1113 958 1177; x_wconf 90' lang='lat' dir='ltr'>dicit</span> <span class='ocrx_word' id='word_1_58' title='bbox 980 1114 1163 1198; x_wconf 86' lang='lat' dir='ltr'>gent[il]em</span> <span class='ocrx_word' id='word_1_59' title='bbox 1183 1138 1282 1202; x_wconf 82' lang='lat' dir='ltr'>regem</span> 
     </span>
     <span class='ocr_line' id='line_1_8' title="bbox 136 1217 1281 1304; baseline 0.003 -21"><span class='ocrx_word' id='word_1_60' title='bbox 136 1217 295 1283; x_wconf 81' lang='lat' dir='ltr'>Colchidis</span> <span class='ocrx_word' id='word_1_61' title='bbox 325 1219 486 1282; x_wconf 89' lang='lat' dir='ltr'>cumulum</span> <span class='ocrx_word' id='word_1_62' title='bbox 515 1217 658 1283; x_wconf 86' lang='lat' dir='ltr'>thesauri</span> <span class='ocrx_word' id='word_1_63' title='bbox 689 1218 799 1303; x_wconf 82' lang='lat' dir='ltr'>magni</span> <span class='ocrx_word' id='word_1_64' title='bbox 829 1219 1020 1302; x_wconf 82' lang='lat' dir='ltr'>possedisse,</span> <span class='ocrx_word' id='word_1_65' title='bbox 1053 1224 1086 1284; x_wconf 88' lang='lat' dir='ltr'>et</span> <span class='ocrx_word' id='word_1_66' title='bbox 1109 1243 1281 1304; x_wconf 86' lang='lat' dir='ltr'>possessum</span> 
     </span>
     <span class='ocr_line' id='line_1_9' title="bbox 133 1323 1283 1404; baseline 0.002 -16"><span class='ocrx_word' id='word_1_67' title='bbox 133 1324 284 1388; x_wconf 87' lang='lat' dir='ltr'>custodiae</span> <span class='ocrx_word' id='word_1_68' title='bbox 307 1325 462 1390; x_wconf 87' lang='lat' dir='ltr'>traditum</span> <span class='ocrx_word' id='word_1_69' title='bbox 484 1323 626 1388; x_wconf 86' lang='lat' dir='ltr'>mirabili</span> <span class='ocrx_word' id='word_1_70' title='bbox 649 1345 725 1388; x_wconf 86' lang='lat' dir='ltr'>cura</span> <span class='ocrx_word' id='word_1_71' title='bbox 748 1323 797 1388; x_wconf 90' lang='lat' dir='ltr'>dei</span> <span class='ocrx_word' id='word_1_72' title='bbox 821 1323 951 1404; x_wconf 78' lang='lat' dir='ltr'>Martia,</span> <span class='ocrx_word' id='word_1_73' title='bbox 979 1326 1069 1390; x_wconf 90' lang='lat' dir='ltr'>cuius</span> <span class='ocrx_word' id='word_1_74' title='bbox 1093 1326 1128 1390; x_wconf 92' lang='lat' dir='ltr'>in</span> <span class='ocrx_word' id='word_1_75' title='bbox 1146 1327 1283 1392; x_wconf 85' lang='lat' dir='ltr'>custodia</span> 
     </span>
     <span class='ocr_line' id='line_1_10' title="bbox 131 1418 1279 1515; baseline 0.004 -23"><span class='ocrx_word' id='word_1_76' title='bbox 131 1427 227 1493; x_wconf 86' lang='lat' dir='ltr'>boves</span> <span class='ocrx_word' id='word_1_77' title='bbox 251 1429 379 1513; x_wconf 86' lang='lat' dir='ltr'>quidam</span> <span class='ocrx_word' id='word_1_78' title='bbox 396 1429 539 1515; x_wconf 87' lang='lat' dir='ltr'>deputati</span> <span class='ocrx_word' id='word_1_79' title='bbox 562 1433 654 1494; x_wconf 87' lang='lat' dir='ltr'>erant</span> <span class='ocrx_word' id='word_1_80' title='bbox 677 1432 804 1494; x_wconf 90' lang='lat' dir='ltr'>urentes</span> <span class='ocrx_word' id='word_1_81' title='bbox 820 1418 964 1495; x_wconf 84' lang='lat' dir='ltr'>flammas</span> <span class='ocrx_word' id='word_1_82' title='bbox 980 1453 1019 1496; x_wconf 85' lang='lat' dir='ltr'>ex</span> <span class='ocrx_word' id='word_1_83' title='bbox 1041 1453 1097 1496; x_wconf 89' lang='lat' dir='ltr'>ore</span> <span class='ocrx_word' id='word_1_84' title='bbox 1112 1437 1279 1511; x_wconf 84' lang='lat' dir='ltr'>vomentes,</span> 
     </span>
     <span class='ocr_line' id='line_1_11' title="bbox 132 1534 1280 1618; baseline 0.003 -20"><span class='ocrx_word' id='word_1_85' title='bbox 132 1539 164 1598; x_wconf 88' lang='lat' dir='ltr'>et</span> <span class='ocrx_word' id='word_1_86' title='bbox 188 1535 280 1599; x_wconf 89' lang='lat' dir='ltr'>draco</span> <span class='ocrx_word' id='word_1_87' title='bbox 304 1534 445 1618; x_wconf 86' lang='lat' dir='ltr'>squamis</span> <span class='ocrx_word' id='word_1_88' title='bbox 475 1534 625 1598; x_wconf 90' lang='lat' dir='ltr'>horridus</span> <span class='ocrx_word' id='word_1_89' title='bbox 655 1534 800 1598; x_wconf 89' lang='lat' dir='ltr'>flammas</span> <span class='ocrx_word' id='word_1_90' title='bbox 823 1534 934 1618; x_wconf 77' lang='lat' dir='ltr'>igneas</span> <span class='ocrx_word' id='word_1_91' title='bbox 957 1536 1130 1614; x_wconf 82' lang='lat' dir='ltr'>exhalans,</span> <span class='ocrx_word' id='word_1_92' title='bbox 1165 1543 1198 1602; x_wconf 89' lang='lat' dir='ltr'>et</span> <span class='ocrx_word' id='word_1_93' title='bbox 1220 1537 1280 1602; x_wconf 83' lang='lat' dir='ltr'>hac</span> 
     </span>
     <span class='ocr_line' id='line_1_12' title="bbox 131 1639 1280 1727; baseline 0.004 -26"><span class='ocrx_word' id='word_1_94' title='bbox 131 1660 188 1722; x_wconf 90' lang='lat' dir='ltr'>per</span> <span class='ocrx_word' id='word_1_95' title='bbox 210 1639 465 1704; x_wconf 75' lang='lat' dir='ltr'>incantationum</span> <span class='ocrx_word' id='word_1_96' title='bbox 480 1639 635 1723; x_wconf 82' lang='lat' dir='ltr'>figmenta</span> <span class='ocrx_word' id='word_1_97' title='bbox 658 1643 689 1703; x_wconf 90' lang='lat' dir='ltr'>et</span> <span class='ocrx_word' id='word_1_98' title='bbox 713 1643 797 1703; x_wconf 86' lang='lat' dir='ltr'>artes</span> <span class='ocrx_word' id='word_1_99' title='bbox 821 1639 1061 1705; x_wconf 87' lang='lat' dir='ltr'>mathematicas</span> <span class='ocrx_word' id='word_1_100' title='bbox 1084 1642 1170 1706; x_wconf 88' lang='lat' dir='ltr'>sicut</span> <span class='ocrx_word' id='word_1_101' title='bbox 1184 1642 1280 1727; x_wconf 86' lang='lat' dir='ltr'>posita</span> 
     </span>
     <span class='ocr_line' id='line_1_13' title="bbox 133 1742 1278 1829; baseline 0.003 -21"><span class='ocrx_word' id='word_1_102' title='bbox 133 1748 233 1808; x_wconf 88' lang='lat' dir='ltr'>erant.</span> <span class='ocrx_word' id='word_1_103' title='bbox 279 1744 324 1809; x_wconf 84' lang='lat' dir='ltr'>sic</span> <span class='ocrx_word' id='word_1_104' title='bbox 355 1743 451 1809; x_wconf 88' lang='lat' dir='ltr'>etiam</span> <span class='ocrx_word' id='word_1_105' title='bbox 480 1742 640 1829; x_wconf 86' lang='lat' dir='ltr'>Josephus</span> <span class='ocrx_word' id='word_1_106' title='bbox 670 1744 904 1809; x_wconf 72' lang='lat' dir='ltr'>mathematicis</span> <span class='ocrx_word' id='word_1_107' title='bbox 935 1744 1058 1809; x_wconf 86' lang='lat' dir='ltr'>artibus</span> <span class='ocrx_word' id='word_1_108' title='bbox 1082 1743 1278 1812; x_wconf 83' lang='lat' dir='ltr'>Salomonem</span> 
     </span>
     <span class='ocr_line' id='line_1_14' title="bbox 131 1847 1277 1936; baseline 0.003 -24"><span class='ocrx_word' id='word_1_109' title='bbox 131 1847 296 1914; x_wconf 87' lang='lat' dir='ltr'>thesauros</span> <span class='ocrx_word' id='word_1_110' title='bbox 310 1850 481 1914; x_wconf 89' lang='lat' dir='ltr'>immensos</span> <span class='ocrx_word' id='word_1_111' title='bbox 491 1848 657 1913; x_wconf 86' lang='lat' dir='ltr'>inclusisse</span> <span class='ocrx_word' id='word_1_112' title='bbox 668 1854 802 1933; x_wconf 89' lang='lat' dir='ltr'>paterno</span> <span class='ocrx_word' id='word_1_113' title='bbox 815 1849 992 1934; x_wconf 88' lang='lat' dir='ltr'>sepulchro,</span> <span class='ocrx_word' id='word_1_114' title='bbox 1009 1854 1046 1914; x_wconf 91' lang='lat' dir='ltr'>ut</span> <span class='ocrx_word' id='word_1_115' title='bbox 1058 1873 1158 1934; x_wconf 89' lang='lat' dir='ltr'>supra</span> <span class='ocrx_word' id='word_1_116' title='bbox 1170 1852 1277 1936; x_wconf 89' lang='lat' dir='ltr'>patuit.</span> 
     </span>
     <span class='ocr_line' id='line_1_15' title="bbox 132 1953 1277 2040; baseline 0.003 -23"><span class='ocrx_word' id='word_1_117' title='bbox 132 1953 319 2039; x_wconf 82' lang='lat' dir='ltr'>Quicunque</span> <span class='ocrx_word' id='word_1_118' title='bbox 350 1977 425 2040; x_wconf 83' lang='lat' dir='ltr'>ergo</span> <span class='ocrx_word' id='word_1_119' title='bbox 449 1955 534 2019; x_wconf 92' lang='lat' dir='ltr'>hunc</span> <span class='ocrx_word' id='word_1_120' title='bbox 556 1953 742 2018; x_wconf 88' lang='lat' dir='ltr'>thesaurum</span> <span class='ocrx_word' id='word_1_121' title='bbox 770 1955 894 2037; x_wconf 87' lang='lat' dir='ltr'>optavit</span> <span class='ocrx_word' id='word_1_122' title='bbox 917 1953 1051 2032; x_wconf 88' lang='lat' dir='ltr'>habere,</span> <span class='ocrx_word' id='word_1_123' title='bbox 1083 1977 1158 2020; x_wconf 89' lang='lat' dir='ltr'>oum</span> <span class='ocrx_word' id='word_1_124' title='bbox 1184 1957 1277 2021; x_wconf 89' lang='lat' dir='ltr'>bobus</span> 
     </span>
     <span class='ocr_line' id='line_1_16' title="bbox 132 2058 1276 2131; baseline 0 -8"><span class='ocrx_word' id='word_1_125' title='bbox 132 2081 257 2124; x_wconf 89' lang='lat' dir='ltr'>necesse</span> <span class='ocrx_word' id='word_1_126' title='bbox 279 2059 420 2123; x_wconf 87' lang='lat' dir='ltr'>habebat</span> <span class='ocrx_word' id='word_1_127' title='bbox 434 2059 515 2123; x_wconf 90' lang='lat' dir='ltr'>inire</span> <span class='ocrx_word' id='word_1_128' title='bbox 537 2062 696 2131; x_wconf 87' lang='lat' dir='ltr'>certamen</span> <span class='ocrx_word' id='word_1_129' title='bbox 719 2061 752 2122; x_wconf 93' lang='lat' dir='ltr'>et</span> <span class='ocrx_word' id='word_1_130' title='bbox 767 2058 893 2122; x_wconf 89' lang='lat' dir='ltr'>demum</span> <span class='ocrx_word' id='word_1_131' title='bbox 915 2079 987 2122; x_wconf 89' lang='lat' dir='ltr'>cum</span> <span class='ocrx_word' id='word_1_132' title='bbox 1003 2059 1151 2123; x_wconf 86' lang='lat' dir='ltr'>dracone.</span> <span class='ocrx_word' id='word_1_133' title='bbox 1181 2060 1276 2124; x_wconf 88' lang='lat' dir='ltr'>Huius</span> 
     </span>
     <span class='ocr_line' id='line_1_17' title="bbox 135 2162 1273 2248; baseline -0.001 -20"><span class='ocrx_word' id='word_1_134' title='bbox 135 2171 241 2229; x_wconf 88' lang='lat' dir='ltr'>autem</span> <span class='ocrx_word' id='word_1_135' title='bbox 262 2164 406 2230; x_wconf 86' lang='lat' dir='ltr'>thesauri</span> <span class='ocrx_word' id='word_1_136' title='bbox 421 2164 583 2228; x_wconf 90' lang='lat' dir='ltr'>cumulum</span> <span class='ocrx_word' id='word_1_137' title='bbox 607 2163 701 2227; x_wconf 90' lang='lat' dir='ltr'>multi</span> <span class='ocrx_word' id='word_1_138' title='bbox 716 2163 838 2228; x_wconf 90' lang='lat' dir='ltr'>strenui</span> <span class='ocrx_word' id='word_1_139' title='bbox 859 2162 921 2227; x_wconf 89' lang='lat' dir='ltr'>sibi</span> <span class='ocrx_word' id='word_1_140' title='bbox 937 2185 1078 2248; x_wconf 86' lang='lat' dir='ltr'>quaerere</span> <span class='ocrx_word' id='word_1_141' title='bbox 1102 2165 1273 2241; x_wconf 84' lang='lat' dir='ltr'>voluerunt,</span> 
     </span>
     <span class='ocr_line' id='line_1_18' title="bbox 129 2266 1272 2355; baseline -0.003 -22"><span class='ocrx_word' id='word_1_142' title='bbox 129 2271 181 2334; x_wconf 88' lang='lat' dir='ltr'>sed</span> <span class='ocrx_word' id='word_1_143' title='bbox 198 2271 463 2355; x_wconf 75' lang='lat' dir='ltr'>impugnantibus</span> <span class='ocrx_word' id='word_1_144' title='bbox 479 2266 707 2332; x_wconf 90' lang='lat' dir='ltr'>incantationis</span> <span class='ocrx_word' id='word_1_145' title='bbox 722 2269 826 2332; x_wconf 83' lang='lat' dir='ltr'>noxiis</span> <span class='ocrx_word' id='word_1_146' title='bbox 847 2290 911 2332; x_wconf 92' lang='lat' dir='ltr'>non</span> <span class='ocrx_word' id='word_1_147' title='bbox 927 2267 1071 2332; x_wconf 86' lang='lat' dir='ltr'>thesauri</span> <span class='ocrx_word' id='word_1_148' title='bbox 1086 2268 1272 2352; x_wconf 87' lang='lat' dir='ltr'>compendia,</span> 
     </span>
     <span class='ocr_line' id='line_1_19' title="bbox 130 2371 1271 2457; baseline -0.004 -17"><span class='ocrx_word' id='word_1_149' title='bbox 130 2376 184 2440; x_wconf 89' lang='lat' dir='ltr'>sed</span> <span class='ocrx_word' id='word_1_150' title='bbox 208 2376 312 2440; x_wconf 85' lang='lat' dir='ltr'>finalis</span> <span class='ocrx_word' id='word_1_151' title='bbox 336 2375 397 2439; x_wconf 91' lang='lat' dir='ltr'>sibi</span> <span class='ocrx_word' id='word_1_152' title='bbox 419 2375 505 2438; x_wconf 89' lang='lat' dir='ltr'>necis</span> <span class='ocrx_word' id='word_1_153' title='bbox 528 2372 693 2456; x_wconf 89' lang='lat' dir='ltr'>dispendia</span> <span class='ocrx_word' id='word_1_154' title='bbox 715 2372 939 2457; x_wconf 84' lang='lat' dir='ltr'>quaesiverunt.</span> <span class='ocrx_word' id='word_1_155' title='bbox 970 2372 1041 2437; x_wconf 84' lang='lat' dir='ltr'>vide</span> <span class='ocrx_word' id='word_1_156' title='bbox 1063 2371 1098 2435; x_wconf 92' lang='lat' dir='ltr'>in</span> <span class='ocrx_word' id='word_1_157' title='bbox 1123 2372 1271 2438; x_wconf 83' lang='lat' dir='ltr'>Gnidone:</span> 
     </span>
     <span class='ocr_line' id='line_1_20' title="bbox 128 2470 1271 2565; baseline -0.002 -21"><span class='ocrx_word' id='word_1_158' title='bbox 128 2480 285 2565; x_wconf 91' lang='lat' dir='ltr'>quomodo</span> <span class='ocrx_word' id='word_1_159' title='bbox 312 2470 412 2545; x_wconf 85' lang='lat' dir='ltr'>Jason</span> <span class='ocrx_word' id='word_1_160' title='bbox 435 2479 567 2561; x_wconf 89' lang='lat' dir='ltr'>adeptus</span> <span class='ocrx_word' id='word_1_161' title='bbox 590 2477 641 2541; x_wconf 90' lang='lat' dir='ltr'>sit.</span> <span class='ocrx_word' id='word_1_162' title='bbox 688 2476 736 2542; x_wconf 91' lang='lat' dir='ltr'>De</span> <span class='ocrx_word' id='word_1_163' title='bbox 758 2500 794 2542; x_wconf 91' lang='lat' dir='ltr'>eo</span> <span class='ocrx_word' id='word_1_164' title='bbox 818 2482 924 2542; x_wconf 87' lang='lat' dir='ltr'>autem</span> <span class='ocrx_word' id='word_1_165' title='bbox 954 2477 1071 2542; x_wconf 87' lang='lat' dir='ltr'>vellere</span> <span class='ocrx_word' id='word_1_166' title='bbox 1100 2499 1171 2542; x_wconf 90' lang='lat' dir='ltr'>cum</span> <span class='ocrx_word' id='word_1_167' title='bbox 1198 2477 1271 2564; x_wconf 84' lang='lat' dir='ltr'>apud</span> 
     </span>
    </p>

    <p class='ocr_par' dir='ltr' id='par_1_5' title="bbox 128 2584 532 2650">
     <span class='ocr_line' id='line_1_21' title="bbox 128 2584 532 2650; baseline -0.005 0"><span class='ocrx_word' id='word_1_168' title='bbox 128 2607 235 2650; x_wconf 89' lang='lat' dir='ltr'>omnes</span> <span class='ocrx_word' id='word_1_169' title='bbox 258 2588 340 2650; x_wconf 87' lang='lat' dir='ltr'>esset</span> <span class='ocrx_word' id='word_1_170' title='bbox 361 2584 450 2649; x_wconf 90' lang='lat' dir='ltr'>fama</span> <span class='ocrx_word' id='word_1_171' title='bbox 474 2588 532 2649; x_wconf 86' lang='lat' dir='ltr'>etc.</span> 
     </span>
    </p>
   </div>
   <div class='ocr_carea' id='block_1_5' title="bbox 123 2738 1266 3380">
    <p class='ocr_par' dir='ltr' id='par_1_6' title="bbox 127 2738 1266 2911">
     <span class='ocr_line' id='line_1_22' title="bbox 215 2738 1266 2809; baseline 0.003 -4"><span class='ocrx_word' id='word_1_172' title='bbox 215 2738 350 2807; x_wconf 72' lang='grc'>(101111.</span> <span class='ocrx_word' id='word_1_173' title='bbox 377 2739 402 2806; x_wconf 87' lang='grc' dir='ltr'>Ι.</span> <span class='ocrx_word' id='word_1_174' title='bbox 427 2763 453 2806; x_wconf 88' lang='lat' dir='ltr'>c.</span> <span class='ocrx_word' id='word_1_175' title='bbox 478 2743 498 2806; x_wconf 89' lang='lat'><strong>3</strong></span> <span class='ocrx_word' id='word_1_176' title='bbox 522 2741 560 2805; x_wconf 85' lang='lat' dir='ltr'>de</span> <span class='ocrx_word' id='word_1_177' title='bbox 583 2740 696 2806; x_wconf 88' lang='lat' dir='ltr'>Rheno</span> <span class='ocrx_word' id='word_1_178' title='bbox 719 2741 827 2806; x_wconf 85' lang='lat' dir='ltr'>fluvio.</span> <span class='ocrx_word' id='word_1_179' title='bbox 874 2740 927 2806; x_wconf 86' lang='lat' dir='ltr'>Fr.</span> <span class='ocrx_word' id='word_1_180' title='bbox 952 2765 977 2808; x_wconf 90' lang='lat' dir='ltr'>s.</span> <span class='ocrx_word' id='word_1_181' title='bbox 1001 2743 1044 2807; x_wconf 84' lang='lat'>50</span> <span class='ocrx_word' id='word_1_182' title='bbox 1067 2766 1093 2808; x_wconf 88' lang='lat' dir='ltr'>z.</span> <span class='ocrx_word' id='word_1_183' title='bbox 1118 2743 1148 2809; x_wconf 84' lang='lat'>5.</span> <span class='ocrx_word' id='word_1_184' title='bbox 1193 2740 1266 2808; x_wconf 84' lang='lat' dir='ltr'>Um</span> 
     </span>
     <span class='ocr_line' id='line_1_23' title="bbox 127 2846 343 2911; baseline 0.005 -1"><span class='ocrx_word' id='word_1_185' title='bbox 127 2869 150 2910; x_wconf 90' lang='lat' dir='ltr'>s.</span> <span class='ocrx_word' id='word_1_186' title='bbox 178 2846 218 2909; x_wconf 90' lang='grc'>14</span> <span class='ocrx_word' id='word_1_187' title='bbox 240 2869 266 2910; x_wconf 88' lang='lat' dir='ltr'>z.</span> <span class='ocrx_word' id='word_1_188' title='bbox 293 2847 343 2911; x_wconf 84' lang='lat'>17.</span> 
     </span>
    </p>

    <p class='ocr_par' dir='ltr' id='par_1_7' title="bbox 123 2950 1266 3380">
     <span class='ocr_line' id='line_1_24' title="bbox 212 2950 1266 3036; baseline 0 -22"><span class='ocrx_word' id='word_1_189' title='bbox 212 2952 263 3035; x_wconf 75' lang='lat' dir='ltr'>ux</span> <span class='ocrx_word' id='word_1_190' title='bbox 290 2950 442 3016; x_wconf 74' lang='lat' dir='ltr'>Rhaeticis</span> <span class='ocrx_word' id='word_1_191' title='bbox 472 2951 627 3035; x_wconf 75' lang='lat' dir='ltr'>Alpibus,</span> <span class='ocrx_word' id='word_1_192' title='bbox 658 2975 678 3017; x_wconf 89' lang='lat' dir='ltr'>a</span> <span class='ocrx_word' id='word_1_193' title='bbox 712 2951 852 3036; x_wconf 79' lang='lat' dir='ltr'>quibus‘</span> <span class='ocrx_word' id='word_1_194' title='bbox 884 2974 999 3018; x_wconf 91' lang='lat' dir='ltr'>nomen</span> <span class='ocrx_word' id='word_1_195' title='bbox 1030 2953 1147 3018; x_wconf 75' lang='lat' dir='ltr'>suum⁶</span> <span class='ocrx_word' id='word_1_196' title='bbox 1178 2951 1266 3025; x_wconf 82' lang='lat' dir='ltr'>trahit</span> 
     </span>
     <span class='ocr_line' id='line_1_25' title="bbox 123 3055 1262 3141; baseline -0.001 -21"><span class='ocrx_word' id='word_1_197' title='bbox 123 3055 264 3135; x_wconf 62' lang='lat' dir='ltr'>Rhenus</span> <span class='ocrx_word' id='word_1_198' title='bbox 281 3079 376 3141; x_wconf 91' lang='lat' dir='ltr'>quem</span> <span class='ocrx_word' id='word_1_199' title='bbox 391 3061 498 3122; x_wconf 84' lang='lat' dir='ltr'>tamen</span> <span class='ocrx_word' id='word_1_200' title='bbox 514 3057 547 3121; x_wconf 90' lang='grc'>111</span> <span class='ocrx_word' id='word_1_201' title='bbox 563 3057 729 3123; x_wconf 90' lang='lat' dir='ltr'>Pantheon</span> <span class='ocrx_word' id='word_1_202' title='bbox 757 3056 947 3123; x_wconf 80' lang='lat' dir='ltr'>Gotfridus⁶</span> <span class='ocrx_word' id='word_1_203' title='bbox 969 3059 1117 3123; x_wconf 88' lang='lat' dir='ltr'>nominat</span> <span class='ocrx_word' id='word_1_204' title='bbox 1141 3057 1262 3124; x_wconf 83' lang='lat' dir='ltr'>Leman·</span> 
     </span>
     <span class='ocr_line' id='line_1_26' title="bbox 125 3162 1265 3247; baseline -0.002 -19"><span class='ocrx_word' id='word_1_205' title='bbox 125 3186 202 3228; x_wconf 91' lang='lat' dir='ltr'>num</span> <span class='ocrx_word' id='word_1_206' title='bbox 216 3163 246 3242; x_wconf 82' lang='lat'>⁷,</span> <span class='ocrx_word' id='word_1_207' title='bbox 278 3162 384 3226; x_wconf 91' lang='lat' dir='ltr'>dicens</span> <span class='ocrx_word' id='word_1_208' title='bbox 408 3163 507 3228; x_wconf 92' lang='lat' dir='ltr'>abeo</span> <span class='ocrx_word' id='word_1_209' title='bbox 536 3165 638 3227; x_wconf 90' lang='lat' dir='ltr'>totam</span> <span class='ocrx_word' id='word_1_210' title='bbox 661 3163 823 3247; x_wconf 81' lang='lat' dir='ltr'>regionem</span> <span class='ocrx_word' id='word_1_211' title='bbox 846 3162 1043 3227; x_wconf 86' lang='lat' dir='ltr'>denominari</span> <span class='ocrx_word' id='word_1_212' title='bbox 1067 3162 1265 3238; x_wconf 86' lang='lat' dir='ltr'>Alemaniam,</span> 
     </span>
     <span class='ocr_line' id='line_1_27' title="bbox 124 3266 1178 3380; baseline 0.001 -47"><span class='ocrx_word' id='word_1_213' title='bbox 124 3268 282 3354; x_wconf 87' lang='lat' dir='ltr'>particula</span> <span class='ocrx_word' id='word_1_214' title='bbox 304 3266 351 3332; x_wconf 86' lang='lat' dir='ltr'>IX</span> <span class='ocrx_word' id='word_1_215' title='bbox 364 3267 386 3333; x_wconf 82' lang='lat'>⁸.</span> <span class='ocrx_word' id='word_1_216' title='bbox 433 3268 480 3333; x_wconf 92' lang='lat' dir='ltr'>De</span> <span class='ocrx_word' id='word_1_217' title='bbox 503 3267 666 3352; x_wconf 81' lang='lat' dir='ltr'>Alpibus⁹</span> <span class='ocrx_word' id='word_1_218' title='bbox 690 3289 753 3380; x_wconf 69' lang='lat' dir='ltr'>pon</span> <span class='ocrx_word' id='word_1_219' title='bbox 776 3269 872 3355; x_wconf 83' lang='lat' dir='ltr'>longe</span> <span class='ocrx_word' id='word_1_220' title='bbox 895 3269 935 3333; x_wconf 90' lang='lat' dir='ltr'>ab</span> <span class='ocrx_word' id='word_1_221' title='bbox 958 3268 1096 3334; x_wconf 88' lang='lat' dir='ltr'>invicem</span> <span class='ocrx_word' id='word_1_222' title='bbox 1119 3273 1178 3334; x_wconf 88' lang='lat' dir='ltr'>etc.</span> 
     </span>
    </p>
   </div>
   <div class='ocr_carea' id='block_1_6' title="bbox 199 3391 1268 3462">
    <p class='ocr_par' dir='ltr' id='par_1_8' title="bbox 199 3391 1268 3462">
     <span class='ocr_line' id='line_1_28' title="bbox 199 3391 1268 3462; baseline -0.005 0"><span class='ocrx_word' id='word_1_223' title='bbox 199 3412 211 3462; x_wconf 90' lang='lat'>1</span> <span class='ocrx_word' id='word_1_224' title='bbox 232 3407 355 3461; x_wconf 88' lang='lat' dir='ltr'>multum</span> <span class='ocrx_word' id='word_1_225' title='bbox 372 3405 547 3462; x_wconf 89' lang='lat' dir='ltr'>commodum</span> <span class='ocrx_word' id='word_1_226' title='bbox 564 3391 864 3462; x_wconf 76' lang='lat' dir='ltr'>affertmon.&#39;1.aold.</span> <span class='ocrx_word' id='word_1_227' title='bbox 901 3406 1022 3460; x_wconf 88' lang='lat' dir='ltr'>multum</span> <span class='ocrx_word' id='word_1_228' title='bbox 1040 3405 1125 3462; x_wconf 85' lang='lat' dir='ltr'>affert</span> <span class='ocrx_word' id='word_1_229' title='bbox 1143 3402 1268 3462; x_wconf 86' lang='lat' dir='ltr'>commodi</span> 
     </span>
    </p>
   </div>
   <div class='ocr_carea' id='block_1_7' title="bbox 46 3489 1267 3563">
    <p class='ocr_par' dir='ltr' id='par_1_9' title="bbox 46 3489 1267 3563">
     <span class='ocr_line' id='line_1_29' title="bbox 46 3489 1267 3563; baseline -0.002 -14"><span class='ocrx_word' id='word_1_230' title='bbox 46 3544 48 3548; x_wconf 15' lang='grc' dir='ltr'><em>Α</em></span> <span class='ocrx_word' id='word_1_231' title='bbox 124 3493 186 3549; x_wconf 86' lang='lat' dir='ltr'>Sch.</span> <span class='ocrx_word' id='word_1_232' title='bbox 212 3495 255 3548; x_wconf 91' lang='lat' dir='ltr'>Kl.</span> <span class='ocrx_word' id='word_1_233' title='bbox 326 3489 423 3547; x_wconf 84' lang='lat' dir='ltr'>2Das</span> <span class='ocrx_word' id='word_1_234' title='bbox 447 3493 578 3561; x_wconf 78' lang='lat' dir='ltr'>folgende</span> <span class='ocrx_word' id='word_1_235' title='bbox 603 3493 645 3547; x_wconf 93' lang='lat' dir='ltr'>his</span> <span class='ocrx_word' id='word_1_236' title='bbox 663 3493 749 3549; x_wconf 87' lang='lat' dir='ltr'>Jason</span> <span class='ocrx_word' id='word_1_237' title='bbox 767 3493 885 3563; x_wconf 87' lang='lat' dir='ltr'>adeptus</span> <span class='ocrx_word' id='word_1_238' title='bbox 904 3493 942 3547; x_wconf 87' lang='lat' dir='ltr'>sit</span> <span class='ocrx_word' id='word_1_239' title='bbox 960 3493 1032 3548; x_wconf 88' lang='lat' dir='ltr'>fehlt</span> <span class='ocrx_word' id='word_1_240' title='bbox 1061 3493 1107 3550; x_wconf 88' lang='lat' dir='ltr'>bei</span> <span class='ocrx_word' id='word_1_241' title='bbox 1126 3494 1204 3552; x_wconf 83' lang='lat' dir='ltr'>Gold.</span> <span class='ocrx_word' id='word_1_242' title='bbox 1254 3491 1267 3546; x_wconf 81' lang='lat'><strong>3</strong></span> 
     </span>
    </p>
   </div>
   <div class='ocr_carea' id='block_1_8' title="bbox 121 3579 1268 4530">
    <p class='ocr_par' dir='ltr' id='par_1_10' title="bbox 121 3579 1268 4530">
     <span class='ocr_line' id='line_1_30' title="bbox 126 3579 1268 3650; baseline -0.004 -13"><span class='ocrx_word' id='word_1_243' title='bbox 126 3586 311 3637; x_wconf 86' lang='lat' dir='ltr'>veruntamen</span> <span class='ocrx_word' id='word_1_244' title='bbox 329 3581 485 3637; x_wconf 82' lang='lat' dir='ltr'>translator</span> <span class='ocrx_word' id='word_1_245' title='bbox 503 3581 545 3634; x_wconf 91' lang='lat' dir='ltr'>bis</span> <span class='ocrx_word' id='word_1_246' title='bbox 562 3580 681 3650; x_wconf 84' lang='lat' dir='ltr'>adeptus</span> <span class='ocrx_word' id='word_1_247' title='bbox 696 3580 733 3633; x_wconf 90' lang='lat' dir='ltr'>sit</span> <span class='ocrx_word' id='word_1_248' title='bbox 748 3580 839 3635; x_wconf 88' lang='lat' dir='ltr'>haben</span> <span class='ocrx_word' id='word_1_249' title='bbox 859 3598 912 3634; x_wconf 87' lang='lat' dir='ltr'>nur</span> <span class='ocrx_word' id='word_1_250' title='bbox 939 3579 1000 3634; x_wconf 85' lang='lat' dir='ltr'>Soh.</span> <span class='ocrx_word' id='word_1_251' title='bbox 1025 3579 1071 3635; x_wconf 91' lang='lat' dir='ltr'>Kl.</span> <span class='ocrx_word' id='word_1_252' title='bbox 1099 3582 1157 3636; x_wconf 90' lang='lat' dir='ltr'>und</span> <span class='ocrx_word' id='word_1_253' title='bbox 1181 3582 1268 3636; x_wconf 83' lang='lat' dir='ltr'>fahren</span> 
     </span>
     <span class='ocr_line' id='line_1_31' title="bbox 123 3667 1268 3738; baseline -0.003 -16"><span class='ocrx_word' id='word_1_254' title='bbox 123 3669 197 3726; x_wconf 86' lang='lat' dir='ltr'>fort:</span> <span class='ocrx_word' id='word_1_255' title='bbox 223 3669 263 3724; x_wconf 90' lang='lat' dir='ltr'>De</span> <span class='ocrx_word' id='word_1_256' title='bbox 281 3687 313 3726; x_wconf 89' lang='lat' dir='ltr'>eo</span> <span class='ocrx_word' id='word_1_257' title='bbox 333 3672 428 3724; x_wconf 86' lang='lat' dir='ltr'>autem</span> <span class='ocrx_word' id='word_1_258' title='bbox 454 3668 556 3722; x_wconf 87' lang='lat' dir='ltr'>vellere</span> <span class='ocrx_word' id='word_1_259' title='bbox 576 3669 627 3721; x_wconf 91' lang='lat' dir='ltr'>etc.</span> <span class='ocrx_word' id='word_1_260' title='bbox 669 3667 742 3722; x_wconf 89' lang='lat' dir='ltr'>Mon.</span> <span class='ocrx_word' id='word_1_261' title='bbox 765 3669 789 3723; x_wconf 86' lang='grc'>2.</span> <span class='ocrx_word' id='word_1_262' title='bbox 809 3668 861 3723; x_wconf 85' lang='lat' dir='ltr'>hat</span> <span class='ocrx_word' id='word_1_263' title='bbox 887 3667 1058 3738; x_wconf 80' lang='lat' dir='ltr'>abgelu‘irat:</span> <span class='ocrx_word' id='word_1_264' title='bbox 1088 3671 1268 3725; x_wconf 83' lang='lat' dir='ltr'>Veruntamen</span> 
     </span>
     <span class='ocr_line' id='line_1_32' title="bbox 123 3753 1268 3827; baseline -0.003 -17"><span class='ocrx_word' id='word_1_265' title='bbox 123 3757 279 3811; x_wconf 83' lang='lat' dir='ltr'>translator</span> <span class='ocrx_word' id='word_1_266' title='bbox 302 3755 428 3812; x_wconf 78' lang='lat' dir='ltr'>historia</span> <span class='ocrx_word' id='word_1_267' title='bbox 453 3755 580 3811; x_wconf 80' lang='lat' dir='ltr'>Troiana</span> <span class='ocrx_word' id='word_1_268' title='bbox 599 3755 629 3808; x_wconf 91' lang='lat' dir='ltr'>in</span> <span class='ocrx_word' id='word_1_269' title='bbox 648 3754 746 3809; x_wconf 87' lang='lat' dir='ltr'>stilum</span> <span class='ocrx_word' id='word_1_270' title='bbox 763 3755 934 3811; x_wconf 85' lang='lat' dir='ltr'>familiarem</span> <span class='ocrx_word' id='word_1_271' title='bbox 953 3755 1045 3812; x_wconf 84' lang='lat' dir='ltr'>Guido</span> <span class='ocrx_word' id='word_1_272' title='bbox 1064 3756 1101 3811; x_wconf 89' lang='lat' dir='ltr'>de</span> <span class='ocrx_word' id='word_1_273' title='bbox 1118 3753 1268 3827; x_wconf 84' lang='lat' dir='ltr'>calumpnia</span> 
     </span>
     <span class='ocr_line' id='line_1_33' title="bbox 125 3842 1268 3914; baseline -0.003 -16"><span class='ocrx_word' id='word_1_274' title='bbox 125 3844 195 3900; x_wconf 88' lang='lat' dir='ltr'>dicit</span> <span class='ocrx_word' id='word_1_275' title='bbox 213 3863 348 3914; x_wconf 86' lang='lat' dir='ltr'>magnum</span> <span class='ocrx_word' id='word_1_276' title='bbox 368 3845 532 3900; x_wconf 85' lang='lat' dir='ltr'>thesaurum</span> <span class='ocrx_word' id='word_1_277' title='bbox 550 3843 739 3901; x_wconf 87' lang='lat' dir='ltr'>custodivisse.</span> <span class='ocrx_word' id='word_1_278' title='bbox 775 3842 906 3897; x_wconf 84' lang='lat' dir='ltr'>similiter</span> <span class='ocrx_word' id='word_1_279' title='bbox 921 3842 1057 3912; x_wconf 86' lang='lat' dir='ltr'>Josephus</span> <span class='ocrx_word' id='word_1_280' title='bbox 1075 3843 1111 3899; x_wconf 87' lang='lat' dir='ltr'>de</span> <span class='ocrx_word' id='word_1_281' title='bbox 1123 3842 1268 3903; x_wconf 81' lang='lat' dir='ltr'>Salomone,</span> 
     </span>
     <span class='ocr_line' id='line_1_34' title="bbox 125 3925 1268 4002; baseline -0.003 -16"><span class='ocrx_word' id='word_1_282' title='bbox 125 3932 159 3987; x_wconf 88' lang='lat' dir='ltr'>de</span> <span class='ocrx_word' id='word_1_283' title='bbox 177 3950 232 4002; x_wconf 89' lang='lat' dir='ltr'>quo</span> <span class='ocrx_word' id='word_1_284' title='bbox 251 3932 322 3986; x_wconf 86' lang='lat' dir='ltr'>alias</span> <span class='ocrx_word' id='word_1_285' title='bbox 340 3933 424 4001; x_wconf 85' lang='lat' dir='ltr'>plura</span> <span class='ocrx_word' id='word_1_286' title='bbox 442 3936 494 3987; x_wconf 90' lang='lat' dir='ltr'>etc.</span> <span class='ocrx_word' id='word_1_287' title='bbox 585 3936 675 3989; x_wconf 80' lang='grc'>41011</span> <span class='ocrx_word' id='word_1_288' title='bbox 694 3950 712 3987; x_wconf 86' lang='lat' dir='ltr'>a</span> <span class='ocrx_word' id='word_1_289' title='bbox 728 3930 829 4000; x_wconf 88' lang='lat' dir='ltr'>quihus</span> <span class='ocrx_word' id='word_1_290' title='bbox 857 3930 900 3984; x_wconf 89' lang='lat' dir='ltr'>bis</span> <span class='ocrx_word' id='word_1_291' title='bbox 925 3930 1069 4000; x_wconf 87' lang='lat' dir='ltr'>particula</span> <span class='ocrx_word' id='word_1_292' title='bbox 1087 3931 1127 3985; x_wconf 87' lang='lat' dir='ltr'>IX</span> <span class='ocrx_word' id='word_1_293' title='bbox 1147 3931 1218 3987; x_wconf 83' lang='lat' dir='ltr'>fehlt</span> <span class='ocrx_word' id='word_1_294' title='bbox 1233 3925 1268 3983; x_wconf 80' lang='lat' dir='ltr'>bei</span> 
     </span>
     <span class='ocr_line' id='line_1_35' title="bbox 125 4015 1268 4090; baseline -0.001 -16"><span class='ocrx_word' id='word_1_295' title='bbox 125 4019 205 4076; x_wconf 85' lang='lat' dir='ltr'>Gold.</span> <span class='ocrx_word' id='word_1_296' title='bbox 242 4024 258 4074; x_wconf 83' lang='lat'>5</span> <span class='ocrx_word' id='word_1_297' title='bbox 278 4020 379 4074; x_wconf 83' lang='lat' dir='ltr'>Eacher</span> <span class='ocrx_word' id='word_1_298' title='bbox 397 4038 423 4090; x_wconf 91' lang='lat' dir='ltr'>p.</span> <span class='ocrx_word' id='word_1_299' title='bbox 446 4022 495 4077; x_wconf 82' lang='lat'>113</span> <span class='ocrx_word' id='word_1_300' title='bbox 513 4020 556 4076; x_wconf 88' lang='lat' dir='ltr'>las</span> <span class='ocrx_word' id='word_1_301' title='bbox 574 4020 635 4075; x_wconf 91' lang='lat' dir='ltr'>hier</span> <span class='ocrx_word' id='word_1_302' title='bbox 652 4019 697 4076; x_wconf 89' lang='lat' dir='ltr'>bei</span> <span class='ocrx_word' id='word_1_303' title='bbox 715 4018 777 4074; x_wconf 82' lang='lat' dir='ltr'>Sch.</span> <span class='ocrx_word' id='word_1_304' title='bbox 797 4017 932 4087; x_wconf 85' lang='lat' dir='ltr'>aquibus</span> <span class='ocrx_word' id='word_1_305' title='bbox 950 4035 1017 4074; x_wconf 82' lang='lat' dir='ltr'>vero</span> <span class='ocrx_word' id='word_1_306' title='bbox 1030 4034 1128 4073; x_wconf 87' lang='lat' dir='ltr'>suum:</span> <span class='ocrx_word' id='word_1_307' title='bbox 1148 4036 1178 4074; x_wconf 87' lang='lat' dir='ltr'>es</span> <span class='ocrx_word' id='word_1_308' title='bbox 1196 4015 1268 4073; x_wconf 70' lang='lat' dir='ltr'>haist</span> 
     </span>
     <span class='ocr_line' id='line_1_36' title="bbox 124 4105 1267 4163; baseline -0.004 -2"><span class='ocrx_word' id='word_1_309' title='bbox 124 4107 191 4163; x_wconf 89' lang='lat' dir='ltr'>aher</span> <span class='ocrx_word' id='word_1_310' title='bbox 210 4124 311 4163; x_wconf 91' lang='lat' dir='ltr'>nomen</span> <span class='ocrx_word' id='word_1_311' title='bbox 330 4126 419 4163; x_wconf 88' lang='lat' dir='ltr'>suum.</span> <span class='ocrx_word' id='word_1_312' title='bbox 508 4106 688 4163; x_wconf 84' lang='lat' dir='ltr'>6Gotfridus</span> <span class='ocrx_word' id='word_1_313' title='bbox 713 4106 787 4162; x_wconf 82' lang='lat' dir='ltr'>fehlt</span> <span class='ocrx_word' id='word_1_314' title='bbox 811 4105 856 4161; x_wconf 91' lang='lat' dir='ltr'>bei</span> <span class='ocrx_word' id='word_1_315' title='bbox 883 4105 956 4161; x_wconf 87' lang='lat' dir='ltr'>Mon.</span> <span class='ocrx_word' id='word_1_316' title='bbox 975 4106 999 4158; x_wconf 83' lang='lat'>2.</span> <span class='ocrx_word' id='word_1_317' title='bbox 1092 4105 1267 4162; x_wconf 83' lang='lat' dir='ltr'>&#39;lLemanun</span> 
     </span>
     <span class='ocr_line' id='line_1_37' title="bbox 121 4186 1266 4264; baseline -0.004 -16"><span class='ocrx_word' id='word_1_318' title='bbox 121 4195 195 4252; x_wconf 90' lang='lat' dir='ltr'>Mon.</span> <span class='ocrx_word' id='word_1_319' title='bbox 215 4197 239 4250; x_wconf 82' lang='lat'>2.</span> <span class='ocrx_word' id='word_1_320' title='bbox 277 4197 293 4250; x_wconf 89' lang='lat'>8</span> <span class='ocrx_word' id='word_1_321' title='bbox 315 4195 417 4250; x_wconf 83' lang='lat' dir='ltr'>Escher</span> <span class='ocrx_word' id='word_1_322' title='bbox 434 4195 514 4249; x_wconf 81' lang='grc'>1111111</span> <span class='ocrx_word' id='word_1_323' title='bbox 532 4194 577 4250; x_wconf 86' lang='lat' dir='ltr'>die</span> <span class='ocrx_word' id='word_1_324' title='bbox 595 4195 677 4250; x_wconf 88' lang='lat' dir='ltr'>stello</span> <span class='ocrx_word' id='word_1_325' title='bbox 696 4211 745 4248; x_wconf 85' lang='lat' dir='ltr'>aus</span> <span class='ocrx_word' id='word_1_326' title='bbox 764 4193 853 4248; x_wconf 86' lang='lat' dir='ltr'>Gotfr.</span> <span class='ocrx_word' id='word_1_327' title='bbox 865 4192 972 4248; x_wconf 87' lang='lat' dir='ltr'>Viterb.</span> <span class='ocrx_word' id='word_1_328' title='bbox 992 4191 1142 4250; x_wconf 87' lang='lat' dir='ltr'>Pantheon</span> <span class='ocrx_word' id='word_1_329' title='bbox 1160 4208 1224 4264; x_wconf 86' lang='lat' dir='ltr'>pars</span> <span class='ocrx_word' id='word_1_330' title='bbox 1237 4186 1266 4243; x_wconf 82' lang='grc'>11</span> 
     </span>
     <span class='ocr_line' id='line_1_38' title="bbox 122 4277 1266 4354; baseline -0.005 -18"><span class='ocrx_word' id='word_1_331' title='bbox 122 4283 212 4354; x_wconf 85' lang='lat' dir='ltr'>(nicht</span> <span class='ocrx_word' id='word_1_332' title='bbox 234 4281 295 4354; x_wconf 78' lang='lat'>141)</span> <span class='ocrx_word' id='word_1_333' title='bbox 322 4302 374 4348; x_wconf 85' lang='lat' dir='ltr'>an,</span> <span class='ocrx_word' id='word_1_334' title='bbox 401 4301 444 4340; x_wconf 86' lang='lat' dir='ltr'>wo</span> <span class='ocrx_word' id='word_1_335' title='bbox 463 4300 516 4337; x_wconf 89' lang='lat' dir='ltr'>nur</span> <span class='ocrx_word' id='word_1_336' title='bbox 539 4281 626 4346; x_wconf 89' lang='lat' dir='ltr'>steht,</span> <span class='ocrx_word' id='word_1_337' title='bbox 653 4281 718 4335; x_wconf 87' lang='lat' dir='ltr'>dass</span> <span class='ocrx_word' id='word_1_338' title='bbox 743 4280 835 4350; x_wconf 84' lang='lat' dir='ltr'>einige</span> <span class='ocrx_word' id='word_1_339' title='bbox 853 4278 1000 4335; x_wconf 77' lang='lat' dir='ltr'>t&#39;tlschlich</span> <span class='ocrx_word' id='word_1_340' title='bbox 1018 4279 1075 4334; x_wconf 85' lang='lat' dir='ltr'>den</span> <span class='ocrx_word' id='word_1_341' title='bbox 1093 4297 1197 4337; x_wconf 82' lang='lat' dir='ltr'>namen</span> <span class='ocrx_word' id='word_1_342' title='bbox 1217 4277 1266 4332; x_wconf 75' lang='lat' dir='ltr'>tle</span> 
     </span>
     <span class='ocr_line' id='line_1_39' title="bbox 121 4362 1264 4439; baseline -0.003 -15"><span class='ocrx_word' id='word_1_343' title='bbox 121 4370 216 4425; x_wconf 86' lang='lat' dir='ltr'>mania</span> <span class='ocrx_word' id='word_1_344' title='bbox 235 4389 265 4427; x_wconf 89' lang='lat' dir='ltr'>so</span> <span class='ocrx_word' id='word_1_345' title='bbox 283 4370 416 4426; x_wconf 88' lang='lat' dir='ltr'>ableiten.</span> <span class='ocrx_word' id='word_1_346' title='bbox 458 4370 516 4424; x_wconf 86' lang='lat' dir='ltr'>Das</span> <span class='ocrx_word' id='word_1_347' title='bbox 533 4369 626 4425; x_wconf 86' lang='lat' dir='ltr'>kleine</span> <span class='ocrx_word' id='word_1_348' title='bbox 649 4368 763 4439; x_wconf 78' lang='lat' dir='ltr'>gedicht</span> <span class='ocrx_word' id='word_1_349' title='bbox 780 4368 855 4438; x_wconf 81' lang='lat' dir='ltr'>folgt</span> <span class='ocrx_word' id='word_1_350' title='bbox 872 4371 960 4422; x_wconf 85' lang='lat' dir='ltr'>unten</span> <span class='ocrx_word' id='word_1_351' title='bbox 979 4385 1001 4424; x_wconf 88' lang='lat' dir='ltr'>s.</span> <span class='ocrx_word' id='word_1_352' title='bbox 1020 4369 1082 4426; x_wconf 77' lang='lat'>221.</span> <span class='ocrx_word' id='word_1_353' title='bbox 1155 4371 1173 4423; x_wconf 87' lang='lat'>9</span> <span class='ocrx_word' id='word_1_354' title='bbox 1199 4362 1264 4423; x_wconf 70' lang='grc'>(1011.</span> 
     </span>
     <span class='ocr_line' id='line_1_40' title="bbox 121 4455 1221 4530; baseline -0.006 -15"><span class='ocrx_word' id='word_1_355' title='bbox 121 4459 198 4515; x_wconf 77' lang='lat' dir='ltr'>fahrt</span> <span class='ocrx_word' id='word_1_356' title='bbox 216 4461 288 4516; x_wconf 83' lang='lat' dir='ltr'>nach</span> <span class='ocrx_word' id='word_1_357' title='bbox 300 4458 442 4514; x_wconf 82' lang='lat' dir='ltr'>Rhaeticis</span> <span class='ocrx_word' id='word_1_358' title='bbox 462 4457 579 4530; x_wconf 88' lang='lat' dir='ltr'>Alpibus</span> <span class='ocrx_word' id='word_1_359' title='bbox 600 4458 670 4514; x_wconf 85' lang='lat' dir='ltr'>fort:</span> <span class='ocrx_word' id='word_1_360' title='bbox 689 4457 842 4528; x_wconf 87' lang='lat' dir='ltr'>dequibus</span> <span class='ocrx_word' id='word_1_361' title='bbox 859 4473 916 4512; x_wconf 91' lang='lat' dir='ltr'>non</span> <span class='ocrx_word' id='word_1_362' title='bbox 934 4455 1020 4526; x_wconf 83' lang='lat' dir='ltr'>longe</span> <span class='ocrx_word' id='word_1_363' title='bbox 1039 4455 1077 4510; x_wconf 81' lang='lat' dir='ltr'>ab</span> <span class='ocrx_word' id='word_1_364' title='bbox 1096 4455 1221 4512; x_wconf 81' lang='lat' dir='ltr'>invicem.</span> 
     </span>
    </p>
   </div>
   <div class='ocr_carea' id='block_1_9' title="bbox 0 0 1408 4964">
    <p class='ocr_par' dir='ltr' id='par_1_11' title="bbox 0 0 1408 4964">
     <span class='ocr_line' id='line_1_41' title="bbox 0 0 1408 4964; baseline 0 1"><span class='ocrx_word' id='word_1_365' title='bbox 0 0 1408 4964; x_wconf 95' lang='lat' dir='ltr'> </span> 
     </span>
    </p>
   </div>
  </div>
 </body>
</html>
