2806 4964
683 326 723 391 14

124 505 157 567 01
178 503 323 587 clypeum
346 502 469 566 duobus
491 500 697 565 nobilissimis
720 498 1272 584 00101111011110010110011010,

125 630 188 692 quo
210 607 304 671 hodie
327 610 359 672 01
381 606 501 670 domini
523 607 561 670 de
584 605 804 690 Klingenherg
826 609 859 669 et
882 605 1038 668 ulmenses
1063 605 1273 668 1111111011

124 710 300 796 aequalibus
322 711 499 789 001011110,
523 709 701 775 differentia
723 714 830 774 tamen
853 709 956 774 estin
979 731 1016 773 00
1045 709 1129 793 quod
1152 708 1273 772 domini

124 817 162 881 de
184 815 386 901 Klingaberg
407 815 529 880 habent
550 816 695 900 clypeum
719 815 881 899 galeatum
904 818 975 879 rota
997 815 1097 878 aratri
1122 817 1272 877 ornatum

124 922 164 985 ad
186 924 442 985 torneamentum
473 925 505 985 et
532 925 684 1004 utrosque
706 912 826 984 colores
855 920 923 984 sine
952 942 1061 984 eorum
1096 918 1274 983 mutatione

123 1025 240 1090 hedera
255 1025 409 1110 perfusos,
426 1025 583 1090 ulmenses
607 1028 713 1089 autem
730 1047 825 1108 super
839 1025 985 1110 clypeum
1003 1021 1098 1110 [non]
1119 1022 1128 1058 ¹
1152 1022 1274 1087 habent

124 1130 250 1214 galeam
283 1130 322 1194 ad
353 1129 527 1194 hastiludia
555 1132 587 1193 01
617 1129 702 1193 bella
736 1133 885 1193 omatum
918 1133 951 1193 01
981 1132 1132 1212 utrosque
1154 1129 1286 1207 colores

124 1233 317 1298 cancellatos
340 1233 407 1297 sine
429 1233 612 1297 inductione
635 1232 766 1296 alterius
781 1233 904 1297 coloris
944 1232 1064 1298 Dicunt
1078 1237 1187 1298 tamen
1203 1234 1274 1318 qui-

124 1340 197 1404 dam
218 1340 281 1403 alio
304 1338 397 1402 modo
421 1338 550 1423 nigrum
573 1341 605 1403 01
628 1338 737 1402 album
759 1336 964 1403 Ulmensibus
987 1339 1097 1402 datum
1118 1338 1158 1401 ab
1174 1339 1275 1421 impe·

127 1448 233 1508 ratore
256 1442 376 1508 scilieet
398 1441 526 1521 Karolo,
551 1441 606 1527 qui
628 1464 681 1507 eos
703 1441 813 1506 abbati
836 1441 932 1507 Owiae
956 1442 1164 1527 approprians
1188 1443 1275 1507 dedit

124 1550 168 1614 eis
184 1549 303 1613 colores
319 1548 496 1632 tegumenti
511 1547 641 1611 illorum
652 1547 880 1611 monachorum
892 1546 1021 1631 nigrum
1037 1570 1143 1631 supra,
1161 1545 1272 1611 album

125 1653 220 1718 infra.
272 1650 340 1716 Alii
372 1652 482 1716 dieunt
511 1652 667 1736 quendam
690 1650 839 1716 abbatem
866 1651 962 1717 Owiee
995 1653 1039 1717 eis
1062 1653 1184 1717 dedisse
1217 1652 1275 1718 hos

123 1758 243 1822 colores
266 1757 299 1820 in
322 1756 475 1821 honorem
498 1778 563 1821 suae
578 1756 741 1840 progeniei
764 1760 796 1821 01
811 1760 995 1841 perpetuam
1012 1757 1057 1821 rei
1071 1757 1268 1838 memoriam,

126 1864 201 1946 quia
226 1861 280 1925 ille
303 1861 401 1926 abbas
425 1865 493 1925 erat
508 1882 589 1924 unus
605 1861 643 1924 de
659 1861 811 1945 progenie
826 1860 1035 1946 Klingaberg.
1081 1860 1149 1926 Alii
1164 1862 1274 1927 dicunt

126 1968 211 2051 quod
233 1989 306 2032 cum
324 1965 489 2032 Ulmenses
511 1988 601 2030 suam
624 1965 734 2030 villam
756 1965 790 2029 in
812 1988 919 2030 muros
942 1967 1144 2031 inclusissent
1162 1971 1195 2031 01
1217 1990 1273 2050 op-

126 2072 236 2156 pidum
258 2072 292 2136 in
316 2072 382 2136 dies
398 2051 667 2156 augmentaretur,
691 2070 851 2155 petierunt
866 2072 907 2135 ab
926 2071 1118 2156 imperatore
1132 2071 1272 2156 insignia

124 2176 234 2242 vexilli
256 2180 289 2241 01
311 2177 414 2260 clypei
437 2176 546 2240 multis
570 2175 671 2253 annis,
695 2176 825 2240 tandem
848 2181 955 2241 autem
975 2175 1149 2259 imperator
1171 2176 1274 2240 victus

125 2303 197 2346 cum
209 2281 413 2366 impacientia
424 2280 603 2345 fasciletum
615 2279 698 2364 quod
714 2302 811 2344 manu
827 2281 959 2364 gerebat
970 2281 1004 2344 in
1016 2281 1119 2344 lutum
1130 2282 1273 2366 projecit,

126 2387 204 2470 pede
226 2386 433 2471 panniculum
455 2385 524 2449 luto
547 2384 694 2468 infigens,
718 2386 807 2468 cujus
830 2389 936 2450 tamen
952 2385 1085 2450 inferior
1100 2408 1173 2469 pars
1190 2408 1274 2463 casu,

22 2578 25 2584 .
124 2513 187 2556 non
211 2490 385 2570 industria,
410 2493 499 2554 extra
522 2489 648 2554 mansit.
696 2489 869 2555 Assumens
899 2513 976 2575 ergo
1006 2491 1178 2574 imperator
1208 2490 1274 2554 fas·

125 2596 204 2660 ciale
219 2595 252 2658 in
268 2599 359 2680 parte
371 2595 569 2660 sordidatum
585 2594 704 2659 obtulit
717 2595 909 2678 petentibus,
929 2594 1092 2680 »Insignis
1104 2598 1131 2659 1«
1156 2595 1271 2674 dicens,

129 2703 180 2764 »01
204 2699 280 2783 quid
304 2699 391 2764 aliud
412 2703 574 2763 merentur
597 2700 707 2764 rustici
731 2700 850 2765 sordidi
878 2700 939 2764 nisi
971 2700 1035 2764 tale
1056 2698 1183 2783 insigne
1206 2721 1274 2763 sor·

125 2804 234 2868 didum
245 2807 280 2868 P«
306 2803 493 2887 accipientes
510 2825 586 2888 ergo
602 2803 732 2888 nigrum
744 2808 777 2869 01
795 2805 903 2869 album
918 2804 1068 2868 distincta
1083 2804 1275 2869 invenerunt

123 2912 156 2972 01
178 2909 349 2973 secundum
370 2906 431 2972 hoc
453 2907 578 2986 vexilla,
603 2907 729 2992 clypeos
752 2912 784 2972 et
806 2931 895 2972 arma
917 2908 1137 2992 depinxerunt.

210 3012 278 3078 Alii
293 3014 412 3092 dicunt,
435 3013 519 3096 quod
541 3012 575 3076 in
591 3015 732 3097 tempore
754 3013 820 3092 illo,
845 3013 971 3096 qnando
995 3011 1089 3078 Suevi
1111 3034 1274 3077 senensem

122 3119 283 3184 civitatem
305 3121 559 3198 construxerunt,
582 3122 730 3202 utsupra
750 3117 942 3194 dictumest,
966 3115 1132 3182 Ulmenses
1146 3138 1269 3180 memo-

8 3231 10 3236 '
123 3224 218 3290 rabili
232 3225 342 3290 labore
357 3245 510 3288 consensu
527 3224 669 3288 omnium
683 3221 862 3306 principum
878 3221 1019 3306 insignia
1034 3222 1173 3286 eiusdem
1187 3222 1274 3286 urbis

121 3331 248 3396 inversa
269 3331 386 3395 habere
405 3328 587 3394 meruerint.
633 3327 763 3392 Habent
778 3328 862 3392 enim
880 3325 1032 3391 Senenses
1048 3327 1157 3390 album
1173 3349 1270 3410 supra

123 3441 156 3502 01
177 3437 307 3522 nigrum
328 3436 422 3514 infra,
446 3433 500 3499 sed
522 3433 679 3498 ulmenses
702 3431 861 3497 contrario
883 3431 986 3495 modo,

211 3541 277 3606 Alii
301 3541 411 3606 dicunt
434 3540 472 3604 de
494 3540 621 3604 nomine
644 3538 753 3622 oppidi
768 3535 846 3604 Ulm
869 3538 953 3622 quod
968 3536 1038 3601 ideo
1054 3537 1097 3601 sit
1112 3537 1141 3601 01
1156 3558 1273 3601 nomen

123 3646 317 3730 impositum,
343 3645 418 3731 quia
440 3646 474 3710 in
490 3667 527 3710 ea
547 3644 834 3729 comprehendatur
856 3663 1005 3706 numerus
1025 3642 1101 3704 anni
1116 3663 1181 3706 suae
1197 3663 1273 3706 con·

125 3751 313 3830 stitutionis,
329 3752 428 3815 habet
443 3750 528 3815 enim
543 3747 635 3814 MLV
652 3752 684 3814 et
699 3753 781 3814 esset
797 3748 931 3812 fundata
946 3747 1058 3811 civitas
1074 3769 1158 3811 anno
1169 3745 1272 3826 MLV,

123 3856 177 3921 sed
199 3879 241 3920 an
263 3860 337 3921 ante
371 3857 420 3920 vel
452 3860 525 3941 post
547 3854 667 3920 Christi
699 3854 901 3919 nativitatem
923 3856 974 3917 tot
1005 3851 1081 3916 anni
1113 3851 1273 3929 fluxerint,

123 3982 187 4024 non
211 3960 329 4039 dicunt,
354 3982 429 4024 nam
459 3959 584 4024 0101110
607 3957 728 4024 Christi
757 3958 959 4023 nativitatem
988 3977 1072 4020 anno
1110 3956 1192 4021 1055
1226 3959 1274 4020 est

124 4063 290 4143 aedificata,
313 4061 429 4128 habuit
443 4062 572 4128 initium
584 4067 726 4148 tempore
749 4061 926 4130 Salomonis
949 4061 1001 4126 vel
1017 4061 1175 4126 modicum
1190 4065 1272 4144 post,

124 4170 151 4234 si
173 4173 246 4254 post
268 4169 490 4250 nativitatem,
523 4169 652 4234 initiata
673 4168 737 4234 fnit
759 4170 901 4251 tempore
932 4164 1075 4230 Heinrici
1107 4164 1272 4245 secundil,

689 4308 706 4345 *

197 4389 209 4442 l
230 4386 323 4442 Dicses
343 4403 400 4442 non
418 4385 491 4442 fehlt
509 4384 554 4441 bei
571 4384 656 4442 allen.
728 4386 745 4440 2
764 4382 800 4442 So
818 4384 883 4441 alle.
