2806 4964
732 332 774 397 38

180 504 339 569 defossum
361 503 562 569 fundamenti
579 506 738 571 descendit
761 531 831 572 cum
848 510 1040 592 quibusdam
1056 511 1094 575 de
1110 511 1332 594 optimatibus,

179 612 218 674 ad
242 611 474 694 suscipiendum
508 633 620 673 saxum
647 611 782 694 grande,
815 613 899 696 quod
931 614 1138 697 dispositione
1171 615 1332 680 artificum

179 716 311 799 desuper
339 717 372 778 in
404 715 539 779 sublime
572 716 712 779 mordaci
739 715 867 782 bidente
898 741 1083 801 suspensum
1117 724 1195 784 erat.
1242 720 1333 786 Hora

178 842 254 904 ergo
277 821 372 884 tertia
395 820 466 898 dici,
491 843 554 904 qua
576 819 715 903 Spiritus
737 826 864 886 sanctus
888 823 1002 887 missus
1026 827 1074 887 cst
1094 825 1258 907 apostolis,
1282 827 1331 890 in·

178 929 328 1009 ceperunt
351 924 537 989 submittere
560 947 671 988 saxum
695 926 728 988 in
744 926 868 990 foveam
885 950 947 991 non
965 928 1101 992 artifices
1122 930 1177 993 sed
1194 930 1331 996 maiores

177 1035 256 1093 natu
280 1029 464 1109 Ulmenses,
488 1052 622 1114 quorum
646 1031 746 1113 aliqui
770 1037 873 1096 rotam
897 1033 1071 1098 trahebant
1094 1034 1143 1098 vel
1166 1036 1332 1114 tenebant,

178 1136 279 1219 aliqui
301 1138 409 1199 funem
432 1157 528 1199 manu
545 1135 716 1199 habebant.
762 1134 954 1222 Magnificus
977 1142 1084 1202 autern
1100 1139 1149 1202 vir
1164 1138 1331 1205 Johannes

177 1242 323 1325 Ehinger
346 1241 448 1316 dictus
471 1239 613 1304 Habfast
635 1243 668 1304 01
690 1239 853 1304 Corradus
878 1241 1042 1320 Besserer,
1076 1245 1216 1308 civitatis
1246 1246 1331 1331 capi·

177 1352 299 1424 tanaus,
324 1352 356 1410 et
379 1345 485 1410 caeteri
502 1350 668 1429 magnates
684 1367 781 1428 supra
797 1344 915 1409 fossam
930 1350 1052 1411 stantes
1072 1347 1211 1431 lapidem
1227 1351 1332 1415 mani·

177 1453 236 1516 bus
260 1451 438 1535 tangebant
459 1454 491 1514 et
514 1451 696 1534 dirigebant
713 1451 859 1514 deorsum
882 1452 919 1514 ad
936 1474 1050 1516 manus
1066 1452 1207 1518 Ludwici
1223 1455 1332 1520 Krafft

176 1557 323 1640 magistri
351 1557 467 1620 civium
496 1559 528 1618 et
549 1558 735 1619 caeterorum
766 1557 800 1619 in
829 1555 922 1620 fovea
946 1559 1206 1641 exspectantium.
1253 1560 1331 1626 Om-

177 1664 231 1726 nia
254 1667 361 1726 autem
375 1661 431 1725 illa
446 1661 633 1725 maturitate
649 1683 767 1745 magna
783 1662 914 1740 fiebant,
939 1666 1089 1726 cantante
1104 1663 1198 1743 clero,
1218 1670 1332 1731 orante

176 1769 305 1852 populo,
329 1772 362 1831 01
384 1767 507 1831 diverso
530 1766 722 1829 musicorum
737 1787 852 1850 genere
868 1770 1012 1844 sonante,
1036 1768 1127 1851 quasi
1143 1769 1184 1832 ad
1198 1770 1331 1835 modum

109 1927 111 1932 .
176 1876 259 1940 sicut
281 1874 399 1958 legitur
423 1872 533 1936 Esdrae
557 1874 586 1936 3.
634 1871 778 1954 Suscepit
800 1892 877 1955 ergo
900 1871 1003 1936 dictus
1026 1871 1134 1938 Krafft
1161 1898 1275 1940 saxum
1299 1882 1332 1942 et

176 1982 209 2044 in
234 1982 337 2044 locum
358 1980 424 2042 iarn
446 1981 588 2042 cemento
612 1981 748 2041 stratum
771 1977 886 2040 direxit
910 1979 942 2040 01
964 1978 1079 2060 posuit.
1127 1977 1207 2043 (lum
1221 1986 1332 2047 autem

176 2086 315 2170 positum
338 2088 421 2148 esset
443 2105 573 2160 saxum,
607 2084 673 2147 eius
704 2082 825 2146 locator
848 2105 957 2165 peram
981 2083 1123 2166 aperuit,
1155 2089 1188 2149 01
1214 2108 1332 2151 aurum

176 2191 338 2275 proferens
360 2194 483 2272 petram
514 2191 640 2250 centum
663 2185 796 2270 fulgidis
829 2186 982 2250 florenis1
1016 2188 1096 2252 texit
1126 2191 1159 2252 et
1190 2193 1331 2271 ornavit,

176 2299 248 2379 post
271 2316 365 2377 quem
387 2290 495 2356 caeteri
517 2291 686 2374 optimates
709 2291 806 2354 etiam
835 2291 1057 2355 descendentes
1081 2291 1331 2360 fundamentum

177 2421 253 2464 auro
277 2402 308 2462 et
332 2401 465 2482 argento
488 2399 691 2474 ornaverunt,
715 2395 861 2460 similiter
885 2396 987 2461 atilli
1009 2398 1047 2462 de
1070 2397 1254 2463 honorabili
1270 2423 1331 2484 po·

177 2505 252 2588 pulo
274 2505 417 2568 fecerunt
439 2506 471 2565 et
502 2499 591 2583 vulgi
615 2500 754 2579 devotio,
784 2501 890 2585 sicque
919 2502 1001 2565 dona
1032 2504 1168 2589 grandia
1197 2505 1248 2570 die
1272 2506 1331 2570 illo

178 2589 253 2674 sunt
275 2631 333 2692 pro
356 2613 517 2672 structura
540 2605 665 2670 collata.

265 2713 371 2778 Crevit
393 2733 469 2796 ergo
492 2733 570 2794 opus
592 2712 628 2774 in
649 2709 796 2774 manibus
819 2732 938 2789 eorum,
962 2716 994 2775 et
1014 2711 1049 2775 in
1069 2716 1197 2778 centum
1212 2718 1245 2778 et
1270 2738 1331 2779 un·

82 2818 84 2823 ’
178 2819 278 2882 decim
301 2817 401 2910 annis,
426 2816 545 2880 scilicet
568 2816 608 2878 ab
632 2836 715 2878 auno
738 2837 803 2878 suae
826 2814 1040 2894 fundationis,
1065 2817 1120 2900 qui
1142 2817 1206 2882 fuit
1231 2820 1330 2900 1377,

177 2945 276 3007 usquc
299 2922 338 2986 ad
361 2944 480 2985 annum
496 2920 681 2984 modernum
700 2921 784 2984 1488
800 2921 834 2984 in
850 2923 1041 3012 stupendum
1056 2926 1088 2986 et
1106 2923 1332 2990 admirandum

177 3026 298 3091 cunctis
321 3026 470 3110 gentibus
493 3029 525 3089 et
547 3025 660 3089 seculis
685 3026 841 3109 templum
871 3027 979 3090 evasit.
1025 3024 1094 3092 Nec
1121 3032 1249 3093 tantum
1274 3031 1333 3094 ad·

176 3132 335 3197 mirantur
359 3131 500 3195 videntes
522 3130 686 3214 ingentem
709 3135 918 3210 structuram,
950 3136 1106 3216 quantum
1129 3133 1332 3200 admirantur

177 3236 447 3320 magnificentiam
470 3239 502 3298 01
525 3236 687 3298 audaciam
711 3235 935 3314 fundatorum,
961 3236 1053 3320 ,quod
1081 3240 1148 3300 tam
1170 3261 1271 3322 parva
1293 3241 1331 3305 in

176 3343 303 3407 civitate
319 3342 386 3405 sine
401 3340 641 3424 peregrinorum
664 3340 878 3419 advocatione,
906 3341 974 3404 sine
1002 3342 1160 3406 adiutorio
1179 3348 1211 3407 et
1235 3367 1331 3409 men-

177 3446 354 3513 dicatione2
382 3451 509 3511 tantum
533 3446 699 3510 aedificium
715 3447 836 3530 erigere
860 3447 929 3511 ausi
953 3451 1037 3526 sunt,
1061 3447 1149 3512 cuius
1171 3448 1331 3514 immensa

79 3559 208 3641 U‘ffl‘qet
224 3554 307 3617 celsa
322 3574 547 3635 campanarum
562 3551 659 3614 turris
675 3552 769 3616 hodie
784 3552 816 3615 in
834 3553 949 3616 dirinae
965 3553 1139 3637 majestatis
1163 3553 1330 3636 honorem,

177 3659 268 3742 quasi
290 3658 322 3721 in
347 3657 462 3722 coelum
484 3679 620 3721 crescere
643 3657 729 3734 velit,
754 3658 923 3722 exaltatur.
969 3656 1078 3742 Ipsum
1111 3681 1186 3722 vero
1217 3652 1332 3724 taber·

176 3763 324 3826 naculum
347 3763 466 3826 dudum
489 3762 680 3846 completum
703 3760 744 3825 ab
765 3762 852 3826 intra
874 3767 965 3827 tanto
988 3764 1069 3828 nitet
1089 3763 1266 3847 splendore,
1291 3772 1331 3831 ut

177 3868 276 3932 exteri
293 3890 329 3931 eo
346 3868 505 3933 venientes
521 3869 665 3932 decorem
680 3868 829 3932 admirati
843 3890 907 3932 non
923 3872 990 3932 tam
1010 3867 1204 3947 mortalium,
1229 3891 1329 3954 quam

176 3972 351 4038 coelestium
383 3973 415 4036 id
446 3973 640 4038 domicilium
675 3974 790 4037 dicant.
835 3974 986 4063 ³Multum
1019 3979 1126 4039 autem
1156 3974 1330 4041 admodum

79 4089 167 4168 uldila
176 4078 280 4143 decori
302 4077 388 4141 illius
404 4079 542 4143 ecclesiae
558 4079 726 4143 conferunt
742 4079 882 4164 antiquae
899 4080 1058 4163 parochiae
1074 4079 1236 4163 sculptilia
1250 4102 1331 4164 por·

740 4225 757 4264 *

246 4307 258 4358 l
281 4305 331 4359 100
350 4305 524 4376 goldgulden
542 4308 571 4360 et
589 4305 649 4362 alia
667 4306 741 4362 dona
761 4306 861 4362 Schad.
883 4324 930 4361 am
948 4306 1044 4360 rande.
1128 4307 1145 4358 2
1164 4305 1229 4361 Sine
1249 4306 1330 4362 adiu·

176 4392 247 4447 torio
266 4397 295 4446 01
313 4393 511 4463 imploratione
531 4395 650 4448 aliorum
671 4393 754 4447 Wibl.
