2806 4964
656 328 719 394 202

110 503 207 582 fama,
231 503 264 567 in
289 501 497 567 multitudine
520 501 744 586 dispositarum
767 525 985 586 personarum,
1008 503 1042 567 in
1059 504 1262 590 magnificen-

110 609 158 673 tia
179 612 429 686 structurarum,
462 611 494 671 et
526 608 559 671 in
583 611 756 692 augmento
780 608 1014 691 possessionum
1037 631 1140 694 usqne
1162 610 1260 678 hodie.

111 714 161 777 Ad
183 712 268 778 latus
291 715 464 777 conventus
488 715 536 776 est
559 711 652 776 hodie
677 712 829 796 oppidum
851 713 1030 796 pulchrum,
1055 715 1220 779 munitum
1235 721 1263 782 et

112 820 312 904 populosum,
336 819 420 902 quod
443 817 518 882 olim
543 821 611 882 erat
633 841 733 902 parva
755 817 841 894 villa,
865 840 936 902 quae
951 823 1024 903 post
1041 818 1263 886 fundationem

16 939 101 1018 ,gogffin
114 924 298 989 monasterii
321 922 385 988 fuit
407 923 441 986 in
465 922 619 1008 angulum
640 922 732 986 illum
755 925 945 1001 constructa,
971 926 1003 986 et
1019 924 1150 990 nomine
1167 924 1263 992 fontis

111 1030 195 1095 dicta
218 1030 412 1107 Blauburen,
436 1029 520 1112 quod
543 1027 641 1093 latine
665 1030 790 1092 tantum
815 1031 908 1091 sonat
925 1028 1016 1112 quasi
1036 1029 1110 1094 fons
1127 1030 1261 1096 coelestis

111 1137 235 1202 coloris.
281 1134 417 1199 Fontem
441 1133 538 1197 etiam
560 1133 662 1212 illum,
686 1132 839 1217 oppidum
862 1137 894 1197 et
916 1134 1150 1199 monasterium
1178 1136 1263 1201 inve-

110 1243 216 1306 nimus
239 1239 298 1304 snb
322 1238 450 1303 nomine
474 1237 627 1302 Burronis
651 1260 818 1322 expressa,
850 1239 898 1301 ita
930 1239 1015 1322 quod
1048 1239 1122 1304 fons
1152 1241 1265 1306 dicitur

111 1347 248 1426 Burron,
273 1349 305 1410 et
328 1344 556 1408 monasterium
572 1343 688 1407 dicitur
714 1343 816 1407 sancti
831 1341 966 1408 Joannis
990 1346 1081 1409 iuxta
1098 1344 1265 1427 Buronem,

112 1455 145 1517 et
167 1450 320 1535 oppidum
342 1447 497 1514 similiter.
545 1447 616 1512 Hoc
638 1452 744 1513 autem
768 1469 882 1512 nomen
906 1449 1027 1514 Burron
1052 1450 1098 1514 sic
1121 1452 1265 1517 existimo

114 1556 189 1621 huic
209 1554 295 1620 fonti
317 1553 488 1619 aduenisse.
526 1553 705 1637 antiquitus
729 1554 814 1617 enim
835 1553 941 1619 fontes
960 1555 1150 1620 dicebantur
1176 1557 1265 1622 theu·

112 1660 218 1726 tonice
240 1660 351 1738 burm,
375 1659 457 1722 sicut
480 1658 585 1722 adhuc
608 1657 702 1722 hodie
725 1660 756 1721 in
774 1658 900 1723 Alsatia
915 1659 1126 1725 nominantur
1140 1660 1265 1743 burren,

114 1769 146 1831 et
168 1786 232 1829 non
254 1764 410 1828 brunnen.
457 1760 555 1826 Facta
586 1765 634 1826 est
668 1766 775 1827 autem
805 1763 839 1826 in
862 1761 977 1827 Snevia
1009 1763 1106 1828 huius
1130 1767 1264 1831 nominis

113 1871 249 1936 mutatio
265 1892 321 1954 per
335 1867 616 1952 transpositionem
640 1867 757 1935 litterae
773 1890 799 1946 r,
823 1871 855 1931 et
878 1868 1022 1933 brunnen
1039 1869 1146 1936 fontes
1163 1872 1262 1936 nomi·

112 1975 183 2041 nari
206 1978 379 2059 coeperunt,
405 1974 464 2037 hoc
480 1977 586 2038 tamen
603 1995 665 2037 non
683 1974 840 2052 obstante,
865 1974 1032 2058 antiquum
1047 1997 1166 2040 nornen
1188 1977 1265 2041 fonti

81 2110 86 2119 ·
112 2081 266 2147 remansit
290 2079 489 2158 Blauburen,
520 2081 552 2142 et
581 2079 654 2142 inde
686 2082 850 2162 sumptum
881 2083 929 2143 est
951 2102 1068 2145 nomen
1091 2081 1214 2146 burron
1234 2082 1264 2146 in

113 2188 247 2252 latinam
271 2183 525 2249 declinationem.
571 2181 671 2248 Porro
693 2183 808 2267 vulgus
833 2184 986 2268 insipiens
1010 2185 1144 2250 audiens
1165 2186 1264 2252 locum

114 2292 176 2357 dici
199 2291 393 2367 Blauburen,
416 2288 614 2374 imaginatur
637 2310 708 2353 eum
731 2289 777 2352 sic
799 2288 860 2352 dici
884 2312 903 2353 a
925 2290 1051 2354 rusticis
1079 2292 1264 2357 decoloratis

113 2395 220 2461 blauio
243 2395 356 2459 colore.
380 2394 463 2458 unde
493 2415 576 2457 anno
599 2392 777 2478 praeterito,
808 2416 880 2458 cum
912 2394 1109 2461 Fridericum
1136 2399 1262 2462 tertium

113 2501 208 2566 huius
237 2500 376 2574 nominis
409 2501 634 2584 imperatorem
666 2503 836 2585 rogarent,
871 2502 907 2564 ut
941 2522 1050 2564 eorum
1084 2502 1203 2586 oppido
1236 2506 1263 2567 et

114 2605 336 2671 communitati
359 2603 487 2689 aliquod
511 2605 673 2689 singulare
696 2609 830 2669 stemma
860 2627 922 2690 quo
946 2629 1036 2670 arma
1057 2629 1117 2670 sua
1140 2608 1262 2693 consig-

113 2715 228 2775 narent
250 2711 349 2788 daret,
372 2709 585 2794 interrogavit
607 2710 644 2774 de
666 2711 795 2775 nomine
818 2710 935 2794 oppidi,
959 2715 991 2775 et
1019 2711 1152 2777 audiens
1169 2713 1260 2777 Blau-

114 2816 224 2895 buren,
249 2815 336 2880 dedit
358 2815 403 2879 eia
419 2815 531 2880 rustici
555 2815 653 2879 blauii
668 2815 851 2902 imaginem,
877 2839 972 2900 quam
989 2838 1091 2902 usque
1113 2840 1200 2883 nunc
1213 2838 1263 2903 pro

114 2919 305 3006 intersignio
329 2919 458 2985 habent.
504 2920 574 2984 Hoc
606 2919 758 3004 oppidum
786 2925 927 3005 tempore
950 2943 1142 3006 magnarum
1166 2923 1263 3007 pluvi·

115 3048 206 3091 arum
228 3029 294 3089 atat
316 3025 349 3088 in
372 3024 486 3108 grandi
510 3024 651 3109 periculo
674 3029 803 3110 propter
820 3026 997 3091 decidentes
1028 3049 1129 3110 aquas
1146 3051 1166 3092 a
1180 3050 1262 3092 mon·

114 3131 209 3197 tibus.
256 3129 339 3193 unde
360 3128 398 3193 fit
429 3129 512 3213 quod
543 3128 761 3213 rapidissimus
790 3134 915 3194 torrens
945 3152 1001 3214 per.
1030 3132 1172 3196 medium
1202 3133 1260 3197 eiua

114 3232 252 3301 elabitur
268 3257 340 3299 cum
355 3234 457 3298 multo
474 3237 673 3298 nocumento.
720 3234 763 3299 Et
779 3238 906 3299 tantum
921 3236 959 3300 de
974 3235 1032 3300 illo
1048 3237 1093 3302 sit
1111 3237 1230 3303 dictum
1242 3236 1260 3300 ¹.

36 3519 96 3559 Gora.
633 3506 699 3577 Cap.
720 3507 761 3561 12.

11 3569 116 3612 cnmxvl.

16 3613 51 3647 rr.
67 3616 107 3648 ³11.

9 3657 115 3694 umnc
257 3645 338 3712 Via
360 3671 379 3712 a
402 3648 595 3712 Burrone
616 3646 659 3711 in
682 3646 910 3732 Seflingen
933 3653 977 3714 et
1000 3647 1130 3717 Ulm2.

204 3839 369 3925 Sequendo
401 3863 457 3925 per
480 3842 664 3905 descensum
696 3864 822 3906 cursum
847 3841 954 3906 Blauii
976 3843 1118 3909 fluminis
1143 3845 1262 3910 venitur

116 3947 156 4011 ad
179 3946 290 4011 uillam
311 3945 485 4025 Gerhusen,
508 3967 578 4030 quae
602 3947 693 4030 quasi
715 3947 799 4012 inter
822 3947 899 4012 duas
922 3970 1010 4013 arces
1033 3971 1129 4033 super
1153 3950 1262 4015 flumen

685 4055 702 4094 a

187 4137 200 4190 1
222 4135 328 4192 dictum
348 4136 386 4189 sit
404 4138 457 4190 etc.
477 4136 550 4192 Mon.
571 4139 594 4193 1.
631 4135 712 4192 Gold.
732 4139 772 4192 ut.
809 4137 917 4208 dietum
930 4139 1053 4193 sufficiat
1073 4139 1159 4194 Wibl.
1178 4138 1262 4194 Schm.

117 4223 165 4279 Bei
186 4224 275 4278 Schm.
295 4223 333 4278 ist
352 4241 398 4277 am
417 4224 504 4279 rande
525 4223 751 4294 beigeschrieben
770 4241 836 4295 »pro
856 4224 977 4279 sufficiat
995 4226 1026 4279 in
1045 4226 1126 4282 Gold.
1145 4230 1188 4281 est
1205 4227 1261 4280 sit«.

115 4310 278 4365 Wiederum
297 4312 415 4365 hatnur
433 4311 506 4367 Mon.
529 4312 550 4368 l.
571 4312 724 4382 beigesetzt
743 4315 794 4368 etc.
866 4312 1070 4384 dSephlingen
1106 4317 1136 4370 et
1156 4313 1262 4370 Ulmum

117 4401 262 4455 ciuitatem
282 4401 355 4455 Mon.
377 4400 399 4454 l.
