2806 4964
665 356 727 422 194

120 535 244 600 litteras
269 533 482 600 fraternitatis
505 557 577 598 curn
610 532 729 598 ordinis
757 530 866 616 sigillo
894 552 1041 614 appenso.
1078 531 1267 614 quapropter

121 641 277 725 singulari
300 641 415 704 affectu
437 638 592 703 fratribus
615 637 718 703 nostri
734 637 853 702 ordinis
875 637 1037 702 inclinatae
1053 640 1140 714 sunt,
1165 638 1198 699 et
1216 655 1267 718 pro

121 747 206 811 bono
228 750 316 811 statu
330 744 432 810 nostri
449 745 568 809 ordinis
584 745 686 809 Deum
702 743 917 828 interpellant.
942 763 1039 826 quare
1062 740 1163 805 etiam
1179 739 1268 803 latius

122 850 243 936 placuit
264 849 346 914 mihi
368 851 407 914 de
430 849 474 914 eis
497 849 633 913 seribere
646 847 667 913 ¹.

635 1145 701 1216 Gap.
721 1148 761 1203 ll.

29 1401 30 1404 ’
126 1389 1269 1480 Blaubfirensidequemonasteriiinstitutione,

349 1506 391 1566 et
423 1502 537 1566 aliis
571 1497 1051 1585 condependentibus.

213 1691 279 1756 Sub
302 1689 437 1755 Wilerio
461 1713 525 1754 non
548 1692 643 1774 longe
665 1690 809 1774 gyrando
840 1689 879 1753 ad
910 1692 1050 1753 montem
1086 1687 1215 1752 venitur
1244 1687 1284 1774 in¹

127 1797 274 1861 strictum
296 1796 450 1880 angulum
471 1795 638 1875 montium,
662 1796 718 1861 ubi
740 1801 863 1861 montes
886 1799 1079 1861 conveniunt
1095 1794 1270 1878 faciuntque

128 1901 300 1967 rotundum
323 1902 476 1985 angulum
499 1925 536 1966 ex
560 1924 622 1987 quo
645 1925 708 1967 non
732 1907 780 1967 est
802 1924 998 1987 progressus,
1021 1901 1084 1965 nisi
1102 1900 1175 1985 quis
1198 1901 1269 1964 altos

127 2009 285 2072 montium
309 2008 406 2073 clivos
429 2010 577 2074 scandere
601 2008 687 2088 velit,
711 2012 768 2073 aut
789 2031 846 2092 per
868 2008 996 2086 vallem,
1030 2029 1087 2091 per
1111 2028 1208 2090 quam
1229 2005 1269 2068 in-

128 2135 265 2198 gressus,
289 2117 337 2177 est
358 2114 490 2198 regredi.
536 2111 575 2176 In
597 2113 683 2179 hunc
705 2114 858 2200 angulum
888 2112 1027 2178 decurrit
1051 2112 1170 2176 fluvius
1192 2111 1271 2175 Ache

130 2218 221 2304 quasi
237 2242 336 2303 usque
359 2218 392 2282 in
409 2217 583 2283 vomitem²
609 2219 723 2299 Blauii,
747 2219 802 2303 qui
824 2219 858 2282 in
881 2218 947 2282 eius
971 2222 1114 2282 extremo
1136 2217 1173 2280 in
1196 2215 1270 2280 radi-

129 2325 218 2389 cibus
241 2323 447 2389 rotunditatis
477 2325 634 2389 montium
663 2329 694 2388 et
721 2323 833 2410 anguli
862 2346 880 2388 e
911 2327 997 2387 terra
1026 2322 1184 2405 erumpit,
1214 2326 1270 2386 tam

129 2430 269 2495 mirabili
291 2434 323 2494 et
345 2429 452 2493 subita
474 2429 689 2509 emanatione,
712 2433 749 2493 ut
771 2451 863 2494 nemo
886 2427 1055 2511 inspiciens
1079 2449 1144 2492 non
1169 2426 1273 2491 obsu-

129 2540 246 2619 pescat.
281 2557 355 2599 nam
379 2557 418 2599 ex
439 2535 531 2599 fovea
564 2533 763 2605 abditissima
785 2533 872 2599 saxei
900 2532 1006 2597 calicis
1034 2537 1067 2597 et
1090 2531 1194 2616 petrei
1215 2531 1271 2595 sine

130 2640 230 2705 fundo
253 2640 381 2705 conchae
404 2645 495 2706 tanta
517 2663 672 2725 aquarum
695 2639 834 2724 erumpit
857 2639 1071 2717 abundantia,
1105 2642 1143 2702 ut
1178 2634 1272 2722 abyssi

131 2751 223 2830 putes
246 2747 361 2830 aperiri
377 2746 490 2811 fontes.
537 2747 688 2810 Exundat
710 2746 795 2810 enim
818 2768 914 2830 supra
930 2745 1036 2810 calicis
1053 2744 1271 2809 circumferen-

131 2851 210 2915 tiam
234 2856 266 2915 et
287 2853 466 2935 impetuosa
495 2852 647 2916 effusione
678 2855 806 2935 repente
838 2851 957 2915 defluit.
996 2854 1029 2915 et
1059 2872 1132 2914 cum
1165 2847 1274 2914 concha

132 2935 380 3040 profundissima
403 2958 445 3021 sit
468 2961 499 3021 et
521 2980 604 3041 aqua
626 2955 811 3035 clarissima,
835 2955 906 3020 coeli
930 2954 1163 3038 superlucentis
1178 2951 1272 3018 induit

134 3063 280 3138 colorem,
305 3084 323 3124 a
347 3083 409 3145 quo
425 3062 529 3126 colore
552 3084 644 3125 suum
668 3056 802 3126 sortitur
818 3063 949 3145 vulgare
972 3082 1089 3125 nomen
1113 3064 1146 3124 et
1169 3059 1274 3123 dicitur

134 3166 234 3231 Blaw.
280 3165 387 3230 Primo
423 3166 507 3230 enim
530 3171 652 3233 eructat
683 3172 768 3231 terra
790 3190 829 3231 ex
860 3189 917 3231 suo
941 3166 1082 3250 abyssali
1112 3165 1207 3230 corde
1228 3184 1275 3249 per

132 3271 357 3356 investigabile
380 3294 414 3336 os
437 3294 529 3336 suum
552 3295 666 3356 aquas,
700 3294 771 3356 quae
794 3272 826 3335 in
851 3271 971 3335 orificio
994 3271 1136 3336 collectae
1162 3290 1277 3336 amnem

134 3379 307 3441 rotundum
330 3382 362 3441 et
390 3377 676 3480 profundissimum
705 3377 828 3442 faciunt
852 3381 980 3460 aspectu
1011 3376 1230 3441 delectabilem
1251 3378 1278 3439 et

135 3483 322 3547 mirabilem.
368 3483 490 3547 Deinde
513 3506 612 3567 aquas
629 3506 667 3547 ex
690 3482 810 3547 orificio
826 3482 943 3547 evomit
966 3504 1004 3546 ex
1027 3481 1151 3546 concha
1166 3481 1277 3566 pellens

135 3588 181 3651 ita
216 3592 251 3651 ut
274 3595 541 3673 supercrescentes
573 3589 679 3653 calicis
709 3588 845 3653 limbum
873 3588 1049 3672 impetuose
1082 3588 1280 3653 effundantur

38 3691 122 3771 fflffi,
133 3693 167 3755 in
190 3693 345 3772 lacunam,
370 3699 402 3759 et
424 3694 513 3758 alveo
536 3695 705 3778 receptae³,
730 3694 845 3758 fluvius
871 3715 937 3758 esse
959 3692 1084 3776 incipit,
1117 3691 1173 3778 qiri
1197 3690 1278 3778 quasi

137 3804 260 3862 torrens
292 3821 408 3864 sonans
437 3801 690 3864 molendinarum
718 3822 792 3864 mox
815 3803 901 3863 rotas
930 3798 1065 3878 evolvit,
1100 3799 1155 3863 sed
1179 3801 1280 3883 postea

136 3904 245 3967 mitior
268 3903 389 3983 factus,
418 3927 573 3987 perarua
606 3905 796 3989 voluptuosa
830 3905 955 3989 quietus
986 3909 1019 3969 et
1049 3904 1148 3968 silens
1179 3902 1280 3986 serpit,

137 4008 289 4093 feraxque
320 4013 367 4073 est
399 4011 592 4093 optimorum
622 4012 773 4095 piscium,
809 4014 984 4088 trutarum,
1018 4007 1228 4073 fundulorum
1255 4009 1282 4070 et

138 4113 284 4195 aliorum,
307 4116 482 4200 producens
505 4117 654 4181 infundo
679 4138 736 4180 suo
759 4115 891 4179 herbam
907 4115 984 4178 adeo
1007 4113 1119 4178 bestiis
1136 4113 1281 4198 sapidam,

139 4223 175 4282 ut
198 4220 238 4283 ad
260 4220 378 4285 collum
394 4243 493 4305 usque
514 4220 737 4343 ingrediantrpr
759 4224 791 4285 et
806 4220 955 4285 demersis
979 4219 1019 4282 ad
1042 4217 1134 4282 illam
1158 4237 1281 4302 carpen-

141 4467 159 4523 s
211 4385 325 4441 lNach
344 4384 464 4441 seribere
483 4387 534 4440 hat
553 4386 626 4441 Mon.
647 4388 670 4440 1.
689 4388 740 4441 etc
818 4384 980 4440 2f0mitem
999 4381 1043 4438 lu.
1061 4381 1150 4437 Wibl.
1170 4381 1218 4435 uh.
1267 4380 1282 4434 3

160 4471 258 4527 oalle.
