2806 4964
747 347 790 416 24

193 528 316 616 AEgidii
339 530 494 596 dicebant.
540 528 636 594 Curia
659 527 743 592 enim
758 527 815 591 illa
831 530 900 591 tota
915 548 987 590 cum
1001 524 1107 608 platea
1122 547 1221 609 quam
1242 522 1345 586 nomi·

191 637 273 699 nant
295 633 452 699 Grienhof
473 633 512 697 ad
535 631 706 696 monachos
728 630 920 714 pertinebat,
944 652 1000 694 nec
1023 632 1114 694 eraut
1128 634 1207 693 tunc
1235 629 1344 693 domus

193 739 240 802 ibi
262 739 344 803 sicut
366 739 440 818 iam,
465 739 592 822 dempta
614 738 707 801 domo
730 738 958 800 monachorum
982 735 1133 819 praedicta
1150 733 1171 814 ¹,
1195 739 1228 799 et
1251 734 1345 799 domo

194 845 296 909 sancti
318 842 454 921 Nicolai,
477 866 573 928 quam
595 843 633 906 de
655 841 836 905 fortissimis
859 841 958 905 muris
974 840 1117 904 fecerunt
1138 842 1172 903 et
1190 839 1346 904 fenestras

194 952 226 1013 et
248 949 330 1012 ostia
351 949 463 1013 ferreis
486 948 587 1012 valvis
618 947 848 1011 obturaverunt
878 949 1008 1030 propter
1031 944 1196 1008 thesauros
1228 944 1275 1008 ibi
1299 967 1347 1008 re-

195 1054 338 1118 conditos
356 1059 387 1118 et
402 1058 533 1138 propter
548 1053 717 1116 tuitionem
732 1052 765 1114 in
779 1050 988 1115 seditionibus
1004 1049 1171 1114 concitatis
1187 1072 1245 1134 per
1261 1049 1344 1114 cives

194 1162 306 1223 contra
328 1180 390 1224 ecs.
437 1157 530 1223 Unde
553 1158 641 1221 curia
662 1155 714 1221 vel
729 1156 834 1240 platea
850 1157 905 1220 der
921 1154 1080 1220 Grienhof
1091 1153 1157 1218 fuit
1169 1155 1348 1238 pomerium

195 1269 227 1329 et
248 1264 435 1328 viridarium
455 1263 699 1340 monachorum,
733 1266 770 1326 ut
792 1259 850 1326 et2
874 1282 988 1324 nomen
1012 1259 1153 1339 retinuit,
1177 1263 1210 1324 et
1233 1259 1346 1323 domus

195 1367 363 1433 Wilhelmi
385 1368 459 1433 Levv
481 1372 550 1432 erat
564 1367 725 1445 horreum,
749 1389 822 1450 pars
838 1365 958 1429 scilicet
974 1360 1107 1448 lapidea',
1131 1387 1206 1449 pars
1222 1386 1347 1430 annexa

196 1495 260 1537 non
284 1476 360 1552 erat,
384 1472 466 1536 sicut
481 1492 538 1535 nec
553 1472 664 1535 domus
680 1469 806 1535 Nicolai
822 1469 994 1548 Besserers,
1018 1491 1075 1534 nec
1092 1471 1205 1534 domus
1221 1467 1347 1533 abbatis

197 1575 456 1656 deOchsahusen,
470 1599 526 1641 nec
534 1577 644 1640 domus
658 1574 790 1639 Mathaei
801 1573 891 1653 Rem,
903 1596 959 1639 nec
968 1575 1080 1638 domus
1090 1574 1168 1638 dicti
1177 1573 1348 1652 Ferwers⁸,

197 1704 254 1747 uec
272 1681 382 1747 domus
401 1681 483 1745 turri
496 1702 625 1745 annexae
641 1684 673 1745 et
688 1681 783 1744 curiae
806 1681 907 1744 sancti
923 1679 954 1743 N
956 1681 1048 1744 icolai
1071 1685 1180 1758 erant3
1205 1681 1259 1745 sed
1282 1679 1351 1744 lata

198 1790 266 1852 erat
277 1786 505 1851 monachorum
514 1786 620 1869 platea
629 1789 661 1849 et
670 1806 801 1863 amoena,
812 1784 918 1868 sicque
929 1784 1026 1869 longo
1037 1789 1237 1869 temperares
1246 1783 1349 1848 stetit.

284 1890 359 1957 Non
390 1891 493 1955 solum
525 1895 632 1954 autem
660 1889 808 1967 monachi
840 1888 954 1968 Owiae,
987 1889 1041 1953 sed
1071 1889 1169 1954 etiam
1200 1886 1350 1953 monaehi

198 1997 420 2064 cistercienses
444 1996 482 2059 de
507 1994 694 2059 Bebahusen
724 1995 814 2058 iuxta
837 1993 1007 2078 Tubingen
1031 1994 1063 2056 in
1088 1994 1186 2060 Ulma
1207 1993 1350 2058 domina·

198 2103 315 2166 bantur
337 2100 463 2185 magnis
486 2099 662 2183 privilegiis
685 2104 819 2177 utentes,
843 2098 925 2163 unde
955 2120 1089 2182 parvum
1119 2098 1352 2163 monasterium

198 2206 232 2270 in
255 2205 384 2270 civitate
413 2208 676 2283 construxerunt,
707 2202 870 2268 ecclesiam
901 2204 1022 2267 scilieet
1052 2204 1154 2268 sancti
1179 2202 1313 2295 Georgii
1326 2201 1350 2280 ⁴,

199 2311 250 2375 cui
272 2309 432 2375 domicilia
454 2309 667 2373 adiunxeruut
690 2330 747 2392 pro
761 2309 991 2372 monachorum
1005 2309 1178 2388 mansione,
1202 2307 1352 2373 athabe-

198 2415 278 2480 bant
299 2415 345 2479 ibi
368 2414 488 2499 grande
511 2414 660 2497 spatium,
685 2415 759 2498 quia
781 2436 838 2478 nec
853 2414 983 2478 ecclesia
1001 2412 1104 2479 beatae
1120 2411 1267 2498 Virginis
1292 2434 1351 2477 nec

200 2520 408 2586 coemiterium
430 2523 508 2598 erat,
532 2541 588 2584 nec
604 2520 715 2584 domus
730 2520 915 2584 chorearum
932 2519 954 2597 ⁶,
978 2542 1035 2584 nec
1050 2524 1175 2604 pategae
1192 2516 1205 2556 ⁰
1228 2539 1354 2582 merca·

200 2629 312 2690 torum
359 2621 396 2688 In
420 2623 477 2687 illo
499 2622 690 2688 monasterio
713 2625 833 2708 grande
852 2624 1015 2689 cellarium
1037 2624 1199 2688 habebant
1213 2623 1248 2686 in
1265 2624 1354 2707 quod

200 2731 396 2812 reponebant
417 2729 520 2792 multa
543 2729 626 2806 vina,
649 2731 681 2793 et
703 2750 825 2812 semper
847 2729 969 2792 duobus
992 2729 1130 2793 torsellis
1153 2728 1354 2792 vendebatur

200 2833 311 2898 vinum
325 2834 392 2897 sine
407 2832 493 2897 omni
508 2831 648 2896 civitatis
665 2836 720 2895 aut
736 2832 852 2895 civium
867 2833 1017 2910 utilitate,
1034 2833 1110 2917 quia
1125 2833 1224 2898 libere
1238 2833 1355 2897 vinum

103 2944 192 3023 32⁶„
200 2937 406 3022 imponebant
427 2941 460 3001 et
482 2937 581 3001 libere
604 2937 797 3016 vendebant,
821 2958 878 3000 nec
901 2938 1064 3001 emebatur
1094 2938 1204 3002 vinum
1226 2937 1268 3001 ab
1293 2938 1356 3001 ali·

202 3064 266 3127 quo
288 3041 434 3108 Ulmensi
458 3041 519 3105 nisi
542 3041 580 3105 de
602 3041 658 3105 illo
681 3042 824 3120 cellario,
849 3046 881 3105 et
903 3042 1044 3126 hospites
1066 3043 1112 3106 ibi
1135 3042 1354 3127 provisionem

201 3147 262 3211 sibi
284 3146 453 3211 faciebant.
499 3145 655 3211 Introitus
687 3144 810 3210 adhoc
840 3146 953 3211 cellare
985 3151 1053 3212 erat
1085 3148 1142 3211 ubi
1174 3146 1270 3212 hodie
1304 3152 1356 3212 est

201 3250 324 3335 capella
346 3250 448 3315 sancti
463 3249 629 3315 Valentini
650 3250 685 3312 in
700 3251 872 3315 coemiterio
895 3252 1033 3317 ecclesiae
1050 3253 1250 3336 parochialis.
1301 3251 1355 3318 Sic

201 3378 277 3443 ergo
299 3355 465 3421 Ulmenses
487 3356 585 3439 longo
608 3359 749 3439 tempore
771 3354 831 3420 sub
853 3357 929 3441 iugo
952 3358 1179 3422 monachorum
1202 3360 1234 3421 et
1266 3359 1356 3443 regi·

201 3462 287 3526 mine
310 3482 419 3526 eorum
441 3462 615 3546 degebant,
647 3482 762 3545 eosque
793 3467 947 3547 tanquam
977 3463 1121 3527 dominos
1143 3485 1216 3528 suos
1240 3484 1355 3548 recog·

201 3567 383 3647 noscebant,
400 3571 432 3631 et
442 3567 581 3632 ministri
596 3589 705 3631 eorum
719 3567 892 3632 voluntarii
908 3571 1006 3648 erant,
1031 3567 1181 3652 quamdiu
1204 3567 1356 3632 monaehi

769 3658 786 3698 a

276 3738 527 3794 lPraedicatorum
546 3738 726 3795 colosso.
763 3740 980 3810 predicatorum
993 3740 1128 3808 praedicta
1142 3739 1228 3797 Wibl.
1257 3757 1356 3797 mona·

203 3825 318 3881 chorum
335 3827 460 3896 predicte
478 3828 550 3882 Mon.
573 3831 594 3881 1.
615 3826 674 3882 Seh.
698 3827 740 3881 Kl.
789 3829 805 3882 2
830 3829 861 3881 ut
880 3830 908 3882 et
927 3828 969 3882 Kl.
989 3827 1087 3882 Schad.
1108 3827 1193 3881 Wibl.
1231 3828 1354 3884 undeet

204 3912 284 3968 Gold.
320 3916 353 3967 ut
372 3915 446 3969 Mon.
467 3916 490 3970 1.
580 3917 596 3970 3
622 3915 751 3971 Ferweck
773 3916 873 3970 Schad.
901 3916 946 3970 Kl.
977 3916 1066 3970 Schm.
1114 3914 1277 3969 Ferwerclrh
1304 3916 1356 3970 Eh.

203 3999 325 4055 llervvers
346 4003 367 4055 l.
387 4003 459 4057 Mon.
480 4002 562 4056 Wibl.
583 4003 662 4058 Gold.
682 4006 721 4056 ut.
811 4002 872 4058 48.
900 4002 992 4059 Georii
1019 4003 1089 4058 Mon.
1121 4005 1141 4057 l.
1181 4002 1208 4056 S.
1226 4003 1355 4073 Gregorii

205 4088 285 4144 Gold.
304 4090 361 4152 ut,
382 4088 469 4158 vergl.
487 4088 641 4144 Verhandl.
664 4090 712 4145 des
731 4091 839 4145 vereins
857 4091 902 4144 fur
921 4091 1007 4145 kunst
1032 4109 1058 4144 u.
1083 4090 1134 4146 alt.
1171 4090 1250 4146 Neue
1269 4092 1356 4148 Reihe

205 4174 278 4228 Ulm.
314 4174 383 4229 Heft
401 4177 413 4229 Ι
431 4194 452 4232 s.
472 4179 512 4232 34.
602 4178 683 4232 51εὴ
711 4178 761 4232 das
787 4178 960 4248 heutzutage
984 4179 1158 4248 sogenannte
1182 4179 1355 4244 sehuhhaus;

206 4264 272 4318 1579
300 4263 395 4318 wurde
423 4263 489 4316 »das
513 4266 616 4318 tanzen
639 4265 681 4317 uff
700 4265 762 4319 dem
786 4266 943 4320 schuhhaus
968 4265 1166 4336 abgeschafft.‹
1215 4267 1354 4323 Dieterich

204 4349 312 4404 Beschr.
329 4350 356 4406 d.
375 4350 454 4404 stadt
467 4351 533 4404 Ulm
553 4369 573 4407 s.
592 4352 634 4406 87.
671 4350 767 4422 Vergl.
786 4352 830 4407 die
849 4372 883 4407 zu
901 4356 917 4407 4
937 4355 1106 4424 angeliihrte
1128 4354 1220 4410 stelle.
1275 4358 1291 4410 6
1309 4372 1354 4424 po·

204 4439 278 4508 tegoe
297 4437 385 4492 Schm.
409 4441 456 4493 llh.
493 4441 542 4494 [lie
561 4442 692 4510 spttteren
714 4439 911 4496 »hramlttden«
930 4441 959 4495 in
977 4442 1026 4497 der
1044 4441 1235 4515 kramgasse„
