2806 4964
685 376 748 440 120

608 545 808 611 Wissen¹.

225 688 460 754 Wissensium²
492 689 614 752 familia
638 687 798 752 Ulmensis
829 687 962 771 antiqua
991 687 1068 750 olim
1092 686 1199 751 felicia
1220 686 1283 750 fata

141 795 261 860 habens
285 795 405 858 divitiis
428 799 460 858 et
483 793 657 856 honoribus
673 791 795 855 famata
818 796 895 855 erat.
942 791 992 854 Ex
1007 792 1067 855 hac
1089 814 1157 856 aevo
1181 798 1284 855 nostro

140 898 364 984 Sigismundus
387 899 561 981 imperator
581 899 699 961 creavit
722 903 870 960 auratum
893 897 1027 961 militem
1043 895 1174 961 Petrum
1192 896 1286 973 Wiss,
1359 947 1377 969 .

139 1010 215 1067 tunc
226 1003 385 1085 hospitem
397 1003 576 1085 principum
588 1001 719 1066 Ulrnam
730 1002 956 1066 declinantium
972 1002 1005 1064 in
1020 1003 1113 1065 domo
1128 1023 1254 1065 coronae
1266 1003 1285 1064 ³.
1358 1051 1380 1064 .

140 1108 202 1171 Hic
224 1106 338 1170 Petrus
362 1110 430 1169 erat
454 1105 502 1168 vir
525 1106 696 1191 singularis
719 1105 876 1182 fortunae‚
901 1105 1118 1184 rationabilis,
1141 1107 1287 1190 prudens
1328 1157 1385 1183 ,.,

140 1213 245 1290 dium,
278 1213 432 1276 facundus
456 1216 488 1275 et
519 1216 606 1275 totus
637 1211 773 1275 curialis.
821 1210 918 1275 Filios
941 1212 1048 1294 plures
1072 1211 1204 1288 habuit,
1237 1211 1288 1294 qui
1308 1212 1388 1274 ir

141 1322 213 1401 post
236 1318 359 1380 obitum
382 1317 537 1400 genitoris
553 1316 651 1379 etiam
674 1315 840 1380 afortuna
855 1316 997 1379 derelicti
1020 1315 1054 1378 in
1071 1317 1198 1380 diversa
1221 1314 1390 1400 agi-—

139 1422 200 1486 tati
223 1426 315 1498 sunt;
348 1422 523 1504 dequibus
547 1444 627 1484 unus
650 1422 803 1504 optimam
836 1425 960 1504 partem
984 1419 1120 1504 eligens,
1148 1421 1390 1485 ordinenrrn

139 1527 383 1611 praedicatorum
399 1527 569 1610 ingressus,
593 1530 730 1589 sectator
746 1527 901 1589 bonorum
917 1547 1047 1608 operum
1070 1524 1176 1588 factus
1192 1545 1392 1606 usquesse

140 1632 233 1695 hodie
263 1631 344 1713 apud
377 1652 435 1693 nos
459 1631 610 1713 perdurat
640 1631 801 1695 confrater
834 1636 866 1693 et
895 1634 987 1713 pater
1011 1629 1166 1694 Melchior
1191 1627 1312 1702 Wiss?
1339 1652 1390 1701 ε,

140 1735 358 1820 paulatimque
380 1736 468 1799 senio
491 1757 683 1799 marcescens
706 1736 844 1800 sidereas
868 1733 999 1798 anhelat
1021 1735 1060 1798 ad
1084 1734 1182 1798 sedes,

227 1910 327 1974 Porro
349 1915 464 1993 praeter
493 1911 740 1993 praenominatas
769 1910 802 1972 in
825 1908 882 1973 illo
905 1909 1015 1973 ordine
1044 1908 1184 1973 familias
1217 1912 1321 1971 sunt
1344 1910 1391 1968 nt

141 2016 244 2079 adhuc
267 2016 387 2099 plures,
418 2038 553 2099 quorum
577 2015 718 2078 omnium
749 2037 806 2078 nec
836 2015 965 2078 nomina
996 2013 1076 2078 mihi
1098 2018 1178 2077 nota
1198 2016 1272 2076 sunt
1342 2033 1389 2085 .:;

141 2121 265 2203 aliquas
289 2142 363 2184 vero
387 2142 500 2198 nosco,
525 2125 562 2183 ut
583 2126 659 2184 sunt
683 2119 842 2205 nechim,
867 2120 982 2198 Ritter,
1007 2119 1134 2196 Limen,
1159 2119 1389 2194 Falbenn,

144 2225 337 2303 Wackerlin‚
356 2224 517 2310 Gienger⁴
542 2231 574 2288 et
596 2227 692 2289 ceteri
716 2226 818 2292 multi.
864 2224 915 2289 Ad
938 2225 1024 2288 hunc
1040 2224 1126 2288 enim
1149 2223 1391 2287 ordinem

141 2335 291 2415 computo
307 2352 416 2394 omnes
432 2331 513 2407 illos,
538 2330 593 2413 qui
616 2352 687 2394 cum
710 2331 833 2394 civibus
850 2330 1054 2414 praecedentis
1070 2328 1191 2393 ordinis
1216 2349 1272 2391 oon
1284 2351 1391 2390 11-

142 2436 240 2500 nubia
262 2435 419 2511 inierunt,
452 2434 578 2497 etiarnsi
612 2433 677 2498 sint
701 2434 749 2498 vel
770 2434 891 2498 fuerint
919 2433 1115 2508 mechanici,
1148 2438 1184 2496 ut
1216 2436 1390 2495 sumt

143 2539 387 2624 Giengerenses‚
422 2540 475 2622 qui
500 2538 677 2622 antiquitus
701 2539 863 2603 molitores
886 2538 1033 2616 fuerunt,
1065 2538 1131 2601 iam
1160 2560 1234 2601 vero
1256 2537 1284 2598 i·
1297 2538 1386 2600 ffin

143 2649 268 2708 tantum
292 2645 502 2727 profecerunt,
526 2649 563 2706 ut
585 2645 650 2706 sint
673 2644 835 2727 generales
858 2647 891 2707 et
913 2644 1110 2707 abundantes
1135 2647 1167 2705 et
1189 2641 1387 2704 sammo-

145 2749 261 2811 sissimi
278 2750 506 2832 negociatores
531 2771 665 2831 quorum
688 2749 747 2811 filii
763 2749 954 2832 optimatum
978 2752 1010 2812 et
1033 2749 1189 2812 maiorum
1212 2752 1383 2810 nabitu

145 2852 273 2917 filiabus
297 2855 502 2917 matrimonio
525 2855 712 2937 iunguntur.

658 3123 724 3193 Cap.
744 3127 768 3178 5.

142 3274 195 3338 De
212 3275 369 3357 quinto
385 3271 535 3335 ordine
551 3272 692 3335 civium
716 3266 1374 3357 Ulmensium‚negotiatoru1s31⁶·

232 3467 368 3543 Quintus
392 3465 469 3528 ordo
492 3462 609 3525 civium
633 3460 772 3525 civit-atis
795 3459 954 3525 Ulmensis
978 3483 1015 3525 ex
1038 3462 1373 3547 negotiatoribaus

705 3571 722 3609 s

215 3658 227 3709 l
249 3656 357 3708 Wissen
377 3654 476 3708 Schnd.
492 3653 531 3705 lil.
547 3652 667 3706 Schmid.
682 3651 766 3704 Wibl.
805 3651 844 3706 De
856 3652 967 3705 familia
984 3651 1166 3707 Wissensium
1180 3653 1318 3708 Mon‘
1336 3637 1373 3691 ·2·

144 3744 182 3798 De
200 3744 311 3796 familia
330 3741 519 3795 Wissensium.
556 3740 682 3793 Weissen
701 3739 769 3794 Gok.
791 3739 861 3793 Bess.
950 3739 1155 3797 2.Wisensiu1n
1175 3741 1245 3795 Mon.
1315 3763 1338 3774 ⁴
1354 3725 1374 3775 ‘2-

141 3832 334 3886 30ron·wiirt
358 3847 419 3882 aum
444 3828 527 3880 ritter
546 3828 715 3895 gesohlagen
743 3828 844 3881 Besser.
870 3845 915 3880 am
940 3827 1035 3881 rande.
1123 3832 1140 3880 4
1164 3811 1377 3882 Rdchhffing

144 3921 216 3975 uon.
231 3924 254 3972 a.
274 3919 371 3972 senar.
387 3919 427 3972 in.
443 3916 562 3970 suumn.
577 3916 646 3971 ool.
661 3916 743 3970 sess:
771 3916 935 3984 elchingen
950 3915 1035 3968 wru.
1085 3914 1178 3969 sister
1196 3915 1278 3969 saa
1308 3895 1378 3992 ,aa

143 4006 263 4061 scamis.
282 4007 369 4060 uiui.
388 4007 457 4062 oon.
484 4005 525 4058 nr.
544 4004 617 4058 sess.
656 4005 757 4058 auster
775 4004 849 4059 uon.
861 4005 886 4058 2.
946 4004 1045 4057 nissen
1059 4003 1158 4056 sonan
1173 3981 1380 4057 samael·

142 4092 216 4152 Golrss
234 4095 278 4148 Kl.
317 4094 391 4148 Linsi
414 4096 487 4149 Mon.
509 4095 534 4146 2.
572 4092 687 4146 Linssen
708 4092 793 4146 Wibl.
841 4092 948 4145 Falben
966 4090 1058 4143 haben
1071 4091 1137 4144 alle.
1165 4085 1379 4166 Weckfiff·

142 4184 182 4238 nn
203 4182 302 4237 sonas.
323 4181 443 4235 sumn.
456 4180 526 4235 oon.
540 4180 583 4234 u.
597 4178 669 4234 sess.
707 4179 846 4234 ueniens
861 4179 933 4233 non.
947 4178 971 4232 a.
1008 4175 1194 4231 uenustus
1209 4171 1295 4230 w?
1311 4153 1381 4206 ‘¹bl·

142 4269 263 4340 (tienger
290 4269 382 4322 haben
413 4269 479 4322 olle.
578 4271 593 4321 5
622 4268 832 4332 negotiatorum
859 4265 988 4335 s(cilicet)
1016 4263 1117 4319 Sobad.
1147 4267 1214 4332 (non
1238 4240 1380 4315 fil.)

143 4357 183 4411 De
200 4356 431 4426 Negotiatoribns
456 4355 525 4410 Gok.
552 4354 678 4409 derselbe
697 4373 742 4410 am
762 4355 861 4409 rande:
891 4352 917 4408 V
945 4352 1012 4408 ordo
1038 4352 1145 4404 ciuium
1174 4345 1377 4405 Vlmffnl·

143 4444 250 4499 llbenso
272 4444 342 4498 Bess.
727 4477 728 4480 κ
