2806 4964
679 333 741 398 196

30 505 228 584 „fflqcursu
257 512 405 573 causatur
435 509 548 592 ingens
582 507 723 585 sonitus,
757 508 788 571 in
822 529 885 591 quc
917 504 1059 572 omnium
1092 509 1283 575 musicorum

136 618 263 678 resonat
278 613 423 678 melodia.
449 612 481 675 in
498 613 611 676 iisdem
628 612 724 676 etiam
739 611 817 677 locis
833 612 950 677 dicitur
966 637 1032 678 esse
1047 614 1179 698 quidam
1197 634 1282 679 mons

135 719 169 783 in
194 741 256 803 quo
279 701 427 802 frequens
451 717 580 781 auditur
602 717 785 782 resonantia
807 720 951 803 quaedam
980 719 1164 784 dulcissima
1200 719 1286 804 quasi

136 825 346 905 humanarum
365 845 476 888 vocum
492 824 525 887 in
542 824 789 909 figurationibus
806 829 900 887 cantu
918 824 1158 889 colludentium.
1198 824 1285 888 Hanc

137 936 243 994 autem
272 929 486 993 resonantiam
520 951 557 993 ex
581 950 736 1013 aquarum
767 951 919 993 concursu
954 927 988 992 in
1019 930 1118 1012 petris
1148 927 1285 993 cavis'et

136 1034 258 1098 sonoris
281 1034 314 1096 in
331 1032 546 1116 penetralibus
562 1033 680 1097 montis
696 1034 819 1097 causari
835 1033 965 1097 minime
981 1033 1101 1098 dubito.
1154 1034 1284 1118 Antiqui

137 1144 242 1204 autem
281 1139 460 1203 huiusmodi
499 1139 621 1202 causari
650 1161 687 1202 ex
717 1133 940 1222 Nympharum
972 1140 1102 1203 dearum
1135 1138 1286 1222 aquarum

137 1249 290 1310 concentu
321 1244 410 1308 miris
444 1242 567 1307 fictitiis
599 1243 797 1321 asserebant,
830 1242 912 1307 sicut
944 1247 976 1306 et
1008 1243 1193 1326 eruptiones
1217 1243 1284 1308 fon-

136 1351 217 1413 tium
241 1349 285 1414 eis
310 1349 518 1412 ascribebant.
544 1370 641 1432 quare
666 1348 757 1412 iuxta
782 1347 963 1431 eruptiones
984 1369 1141 1431 aquarum
1167 1349 1284 1434 templa

137 1453 298 1539 Nymphis
313 1459 437 1519 sacrata
452 1453 624 1532 habebant,
640 1454 672 1516 iu
692 1454 808 1537 quibus
825 1454 953 1517 oracula
965 1474 1074 1517 earum
1089 1454 1285 1518 consulentes

138 1559 231 1644 plura
253 1559 499 1646 investigabant.
547 1558 598 1624 Sic
621 1559 717 1623 etiam
740 1560 830 1624 iuxta
861 1563 892 1622 εὴ
925 1581 1022 1642 supra
1055 1559 1217 1622 montium
1240 1579 1285 1622 ca·

138 1687 251 1728 vernas
275 1667 307 1728 et
328 1669 420 1727 terrae
444 1664 595 1728 scissuras
628 1662 756 1728 oracula
779 1664 959 1741 habebant,
989 1665 1028 1727 ad
1061 1663 1285 1728 consulendum

138 1769 415 1853 Demogorgonem
429 1766 486 1854 [ll.
521 1767 600 1832 Cum
616 1771 722 1832 autem
738 1772 860 1832 creator
875 1767 986 1831 mundi
1001 1767 1185 1832 districtum
1199 1767 1284 1832 illum

139 1880 171 1937 et
195 1875 351 1937 montium
374 1874 545 1957 angulum,
580 1895 618 1937 ex
641 1895 704 1957 quo
729 1873 860 1937 Blauius
882 1872 970 1951 fluit,
1001 1872 1080 1936 satis
1112 1873 1286 1937 mirabilem

139 1977 260 2056 fecerit,
284 1982 316 2042 εὴ
338 1978 558 2042 habitudinem
581 1979 740 2042 montium
762 1977 1036 2042 cirumiacentium
1051 1978 1188 2043 insuetis
1204 1979 1285 2062 rupi·

140 2085 199 2148 bus
223 2087 255 2148 et
277 2083 420 2167 cavernis
443 2083 630 2166 repleverit,
656 2082 781 2167 antiqui
804 2083 977 2147 nescientes
1000 2081 1105 2147 Deum
1140 2083 1198 2167 qui
1228 2082 1286 2147 haec

141 2188 218 2253 facit
240 2187 416 2266 mirabilia,
445 2187 510 2252 suis
532 2188 763 2271 multiplicibus
787 2188 888 2252 delusi
911 2189 1072 2253 erroribus
1106 2189 1168 2252 diis
1202 2188 1286 2253 attri-

142 2294 281 2358 buebant
303 2315 402 2377 eaque
425 2294 493 2356 loca
516 2294 560 2357 eis
576 2293 753 2358 sacrabant.
800 2291 893 2358 Unde
916 2294 1034 2357 intenti
1051 2295 1187 2376 poeticae
1204 2293 1285 2357 theo-

141 2399 233 2485 logiae
256 2398 494 2462 multitudinem
516 2402 692 2481 posuerunt
725 2399 864 2463 deorum.
904 2398 1027 2482 aliquos
1050 2399 1201 2463 dicebant
1232 2419 1286 2463 coe-

141 2504 245 2581 testea,
271 2509 307 2569 ut
329 2502 452 2569 Jovem.
491 2503 615 2588 aliquos
638 2508 817 2581 terrestres,
849 2507 885 2567 ut
907 2504 1198 2589 Demogorgonem.
1235 2502 1284 2567 ali·

143 2631 222 2692 quos
244 2608 426 2687 infernaleS,
449 2613 487 2673 ut
510 2608 688 2674 Plutonem.
729 2609 880 2693 aliquos1
903 2610 1039 2673 marium
1062 2614 1094 2674 et
1117 2609 1288 2686 fluminum,

143 2718 180 2777 ut
201 2712 352 2778 Doridem
368 2713 400 2791 ²,
435 2712 621 2798 Neptunum
656 2718 688 2778 et
720 2712 889 2798 Nymphas
919 2714 985 2778 sive
1014 2713 1134 2779 Musas.
1176 2718 1209 2778 et
1239 2714 1289 2778 has

143 2816 311 2901 Nymphas
334 2817 613 2901 plurificaverunt,
637 2819 776 2883 dicentes
799 2821 921 2903 aliquas
944 2842 1012 2884 esse
1033 2819 1206 2905 Nymphas
1228 2841 1289 2884 ma·

144 2923 230 2986 rinas
253 2946 332 3006 quas
354 2922 503 3006 Nayades
536 2925 710 3002 vocabant,
742 2930 774 2989 et
795 2924 963 3008 Nymphas
987 2925 1128 2988 fontium
1150 2925 1291 2989 dicebant

144 3027 400 3113 Hamadryades,
431 3033 462 3093 et
491 3035 658 3114 puteorum
680 3029 848 3113 Nymphas
878 3030 1025 3093 dicebaut
1047 3027 1289 3114 Naprayadest,

144 3155 327 3216 camporum
344 3134 511 3218 Nymphas
528 3135 558 3200 N
561 3136 655 3221 aydes
670 3135 693 3214 ⁴,
718 3135 875 3218 montium
899 3132 1091 3199 Orchaiades
1106 3135 1129 3214 ⁶,
1146 3135 1292 3199 silvarum

145 3239 298 3323 Dryades,
323 3244 355 3304 et
377 3240 437 3303 hoc
460 3240 492 3302 in
516 3239 666 3324 generali.
713 3238 751 3302 ln
776 3238 906 3323 speciali
925 3244 1031 3303 autem
1051 3240 1294 3324 assignaverunt

146 3343 277 3408 cuilibet
299 3344 383 3409 fonti
406 3350 438 3409 et
460 3345 558 3408 fluvio
581 3345 743 3428 propriam
765 3343 969 3428 Nympham,
992 3348 1029 3407 ut
1051 3343 1194 3409 Castalio
1218 3341 1296 3408 fonti

24 3445 27 3450 ’
51 3445 136 3524 ulfila.
149 3448 319 3513 Castaliam
343 3449 528 3534 Nympham
552 3450 721 3528 dederunt,
754 3471 773 3512 a
796 3472 859 3532 qua
886 3453 918 3513 εὴ
940 3471 1056 3513 nomen
1078 3449 1179 3514 habet
1205 3470 1296 3533 usque

146 3555 248 3619 hodie.
295 3556 366 3620 Tali
390 3561 496 3620 autem
528 3555 642 3620 fictitio
676 3578 740 3619 rem
774 3554 818 3618 sic
849 3554 1044 3618 colorabant.
1092 3553 1180 3618 Dum
1215 3553 1296 3637 Nep·

147 3664 244 3724 tunus
267 3661 430 3726 Medusam
462 3660 726 3745 speciosissimam
758 3661 793 3725 in
821 3658 940 3743 templo
964 3658 1104 3724 Palladis
1138 3660 1296 3737 violasset,

42 3773 45 3777 ’
149 3786 187 3828 ex
209 3765 265 3829 illo
288 3766 431 3850 concepit
458 3767 628 3831 concubitu
650 3767 823 3850 genuitque
839 3765 1005 3851 Pegasum,
1029 3765 1091 3829 hoc
1114 3769 1163 3830 est
1186 3787 1298 3850 equum

150 3871 288 3950 alatum,
320 3893 406 3936 aenea
437 3872 607 3938 habentem
641 3894 773 3952 cornua,
807 3877 839 3937 et
872 3872 966 3955 pedes
1002 3873 1138 3951 ferreos,
1173 3873 1298 3960 igneum

716 3964 734 4002 *

223 4049 235 4100 1
256 4045 415 4114 aliquorum
434 4046 542 4116 aliquos
561 4046 621 4100 Sch.
642 4045 686 4098 Kl.
706 4046 780 4101 Mon.
803 4049 824 4100 l.
844 4044 923 4100 Gold.
946 4046 995 4104 ut.
1046 4047 1061 4096 2
1081 4045 1171 4110 Doris,
1194 4045 1299 4101 tochter

152 4132 199 4187 des
218 4132 342 4187 Oceanus
360 4133 417 4187 und
436 4133 486 4189 der
504 4134 608 4198 Thetis,
627 4133 709 4189 hatte
728 4135 762 4188 50
776 4133 894 4197 tdchter,
913 4131 958 4185 die
970 4132 1118 4187 Nereiden.
1193 4135 1209 4186 3
1228 4130 1298 4194 viell.

151 4241 185 4266 =
207 4220 330 4290 Napaeae
350 4220 431 4292 (νάπη
449 4221 541 4287 hchle,
560 4224 666 4291 grotta)
685 4221 764 4288 Virg.
783 4220 883 4291 Georg.
904 4223 929 4285 4,
948 4222 1008 4274 535.
1061 4223 1079 4274 4
1101 4219 1222 4290 Naydas
1241 4217 1299 4273 Scb.

152 4307 196 4362 Kl.
214 4308 300 4362 Wibl.
320 4309 377 4363 und
397 4309 487 4364 Schm.
558 4311 574 4363 5
594 4308 772 4378 Orchayades
792 4309 853 4364 Sch.
872 4308 916 4362 Kl.
937 4308 1023 4362 Wibl.
1042 4308 1133 4363 Schm.
1161 4307 1242 4364 Gold.
1260 4308 1299 4360 ut.

152 4393 331 4464 Orchayades
351 4397 424 4453 Mon.
448 4400 470 4452 1.
491 4397 564 4453 wohl
584 4396 767 4453 :Oreades
