2806 4964
754 328 774 391 8

192 503 420 568 monasterium
443 502 715 568 carthusiensium
738 524 836 586 prope
860 502 1078 588 Memmingen
1094 527 1112 567 a
1128 504 1212 568 buxo
1228 505 1341 568 arbore

190 610 348 675 Buxhaim
374 609 509 686 dicitur,
543 613 575 672 et
598 609 710 673 civitas
733 607 1006 693 Stockgardiensis
1031 609 1147 673 dicitur
1178 633 1196 673 a
1226 613 1340 675 trunco

190 720 223 781 et
244 717 349 795 horto,
374 715 449 799 quia
471 715 547 779 dum
570 714 720 798 oppidum
743 715 824 799 erigi
847 713 972 793 debuit,
1006 715 1134 779 arbores
1161 716 1272 780 multae
1295 715 1341 779 ibi

189 826 310 887 stantes
332 818 612 899 detruncabantur,
636 825 668 884 et
690 820 806 905 vulgus
829 842 943 885 nomen
967 820 1036 885 loco
1057 821 1210 906 imposuit
1233 823 1340 886 dicens

190 925 412 1013 Stockgarten,
439 927 546 1010 sieque
561 927 714 1010 oppidum
729 948 843 990 nomen
860 925 1001 990 retinuit.
1048 925 1114 990 Alii
1130 925 1240 991 dicunt
1256 927 1341 1010 qnod

189 1033 234 1098 sic
255 1033 438 1097 nominetur
461 1031 501 1095 ab
525 1033 676 1116 equabus,
702 1032 739 1096 de
763 1053 826 1116 quo
848 1054 913 1096 non
929 1037 978 1096 est
994 1032 1052 1111 vis,
1077 1031 1143 1096 sive
1161 1032 1201 1095 ab
1216 1030 1273 1095 illo
1289 1031 1340 1095 vel

189 1138 251 1202 isto
274 1136 407 1201 dicatur.
453 1134 535 1201 Sunt
558 1138 653 1202 etiam
677 1160 773 1221 quam
803 1138 941 1220 plurima
971 1137 1102 1200 nomina
1119 1137 1285 1200 civitatum
1308 1140 1340 1200 et

189 1241 337 1306 villarum
362 1265 498 1327 quorum
520 1243 609 1307 nulla
632 1243 715 1307 ratio
745 1243 898 1327 suspicari
920 1247 1046 1326 potest,
1078 1246 1109 1307 et
1136 1245 1244 1307 tamen
1272 1242 1340 1306 sine

188 1347 311 1412 ratione
334 1347 464 1412 minime
494 1351 569 1410 sunt
596 1347 757 1429 imposita.
805 1346 852 1410 De
883 1346 933 1410 his
961 1347 1126 1422 nominum
1160 1347 1338 1411 rationibus

190 1453 254 1516 late
269 1450 406 1517 habetur
421 1453 455 1515 in
471 1451 593 1514 Isidoro
610 1450 808 1537 (Etymolog.
825 1450 879 1513 lib.
907 1451 947 1515 15
963 1451 996 1514 in
1012 1472 1079 1534 cap.
1107 1452 1122 1515 1
1140 1474 1195 1535 per
1210 1452 1339 1534 totum),

189 1556 244 1641 qui
267 1579 305 1622 ex
327 1557 509 1623 nominibus
532 1557 740 1620 communiter
762 1560 898 1620 venatur
913 1556 1052 1642 origines
1073 1556 1249 1621 civitatum.
1289 1554 1340 1620 Sic

190 1661 277 1727 etin
299 1662 462 1747 proposito
485 1666 594 1727 nostro
617 1660 798 1726 faciendum
822 1684 941 1726 censeo

277 1766 375 1833 Ulma
396 1767 480 1833 enim
504 1771 552 1832 est
574 1789 689 1832 nomen
706 1789 770 1831 non
782 1766 985 1833 barbaricum
1001 1769 1055 1833 sed
1070 1768 1218 1851 latinum,
1243 1767 1339 1832 decli-

188 1872 304 1954 nabile,
328 1874 474 1939 omnibus
497 1873 654 1938 familiare
685 1877 717 1938 et
745 1874 785 1937 ad
808 1875 1047 1957 exprimendum
1078 1873 1189 1953 facile,
1223 1872 1338 1956 oppido

190 1978 348 2062 imperiali
370 1979 573 2063 impositum,
609 2000 647 2042 ex
670 2000 783 2056 causa,
806 1978 891 2043 hand
914 1979 1064 2058 dubium,
1096 1978 1339 2063 proportionata

189 2085 321 2166 nomini,
344 2107 417 2150 area
439 2107 576 2168 namque
592 2083 731 2149 civitatis
746 2082 909 2148 Ulmensis
929 2084 1088 2169 uliginosa
1107 2107 1145 2148 ex
1161 2088 1277 2148 natura
1293 2086 1340 2146 est

189 2195 222 2256 et
243 2190 331 2255 locus
354 2195 441 2256 totus
463 2190 613 2255 humidus
635 2194 667 2255 et
690 2212 845 2274 equos-ua,
882 2190 965 2275 quod
998 2189 1192 2275 uliginosum
1224 2190 1339 2253 dieitur

189 2296 239 2361 vel
262 2296 422 2360 ulinosum
445 2296 626 2375 nominant,
658 2299 727 2359 tum
750 2317 788 2358 ex
811 2317 965 2359 concursu
988 2317 1142 2378 aquarum
1174 2295 1212 2358 de
1235 2295 1363 2359 tribus

188 2402 383 2483 fluminibus,
405 2406 475 2466 tum
498 2403 594 2466 etiam
617 2423 655 2466 ex
677 2400 836 2485 uliginosa
858 2401 909 2465 vel
932 2402 1056 2467 ulinosa
1076 2401 1191 2479 humo,
1216 2400 1254 2463 de
1277 2421 1339 2483 qua

189 2506 294 2572 fontes
317 2530 412 2592 quam
436 2507 566 2591 plurimi
589 2506 767 2582 scaturiunt
797 2509 829 2572 et
851 2508 968 2591 ubique
998 2509 1033 2572 in
1065 2530 1102 2573 ea
1134 2529 1225 2591 aquae
1257 2506 1337 2570 vivae

189 2613 400 2696 reperiuntur,
423 2613 470 2682 ita
493 2613 576 2697 quod
598 2613 715 2676 humus
737 2635 794 2697 per
809 2635 842 2677 se
858 2613 926 2678 sine
941 2614 1071 2679 civitate
1087 2614 1121 2676 in
1137 2634 1194 2676 suo
1211 2611 1339 2675 nomine

189 2738 228 2781 ex
249 2721 365 2782 natura
380 2717 510 2801 praefert
525 2739 642 2782 nomen
657 2718 804 2798 civitatis,
828 2718 895 2783 sive
911 2719 1012 2784 dicam
1027 2719 1144 2783 humus
1160 2717 1337 2801 uliginosus

188 2822 238 2887 vel
268 2822 427 2902 ulinosus‚
460 2845 594 2908 quorum
628 2827 798 2906 utrumque
829 2823 999 2889 invenitur.
1056 2822 1140 2887 Nam
1173 2821 1261 2907 uligo
1291 2824 1339 2885 est

188 2928 344 2992 naturalis
365 2927 481 2992 humor
512 2932 605 2993 terrae
636 2950 800 3012 nunquam
830 2930 869 2993 ab
894 2952 930 2994 ea
953 2930 1117 3008 recedens,
1153 2928 1294 2992 viridem'
1307 2930 1340 2990 et

188 3024 355 3097 fecundam
378 3056 448 3098 eam
480 3034 628 3110 reddens,
663 3037 695 3097 et
723 3032 797 3096 talis
827 3038 876 3098 est
904 3057 977 3099 area
1004 3033 1142 3099 civitatis
1166 3031 1337 3096 Utinensis

119 3177 121 3182 ·
189 3137 240 3200 Ex
262 3136 321 3202 illa
345 3142 451 3202 autem
473 3138 694 3223 uliginositate
716 3142 810 3202 terrae
833 3161 899 3222 prae
921 3139 1033 3204 ceteris
1057 3137 1184 3202 arbores
1201 3158 1339 3201 creseere

190 3243 293 3307 solent
314 3244 348 3306 in
371 3265 489 3328 magna
511 3243 716 3307 multitudine
738 3265 809 3327 quae
839 3243 938 3308 latine
962 3248 1114 3308 vocantur
1136 3241 1234 3321 ulmi,
1267 3242 1339 3306 vul-

189 3348 310 3433 gariter
332 3371 407 3413 vero
430 3353 463 3413 et
485 3349 667 3414 theutonice
690 3349 837 3414 dicuntur
860 3350 945 3415 felba
968 3351 1018 3415 vel
1033 3350 1100 3415 erla'
1120 3350 1170 3414 vel
1193 3347 1337 3429 anlber1,

189 3457 221 3518 et
245 3455 390 3538 quamvis
412 3455 477 3519 sint
500 3455 656 3521 distinctae
679 3457 828 3521 arborum
845 3457 961 3540 species
977 3454 1063 3520 felba
1078 3455 1198 3536 scilicet
1213 3459 1245 3520 et
1261 3455 1336 3534 erla,

190 3561 296 3624 tamen
328 3559 412 3624 forte
440 3560 560 3625 habent
588 3562 672 3626 idem
705 3585 820 3627 nomen
852 3564 936 3647 quod
967 3566 1138 3644 utrumque
1167 3561 1270 3644 reperi
1303 3561 1338 3624 in

189 3662 381 3728 theutonicis
388 3663 496 3728 bibliis
508 3686 602 3749 super
614 3666 670 3730 illo
681 3667 785 3730 Esaiae
802 3665 859 3730 412
872 3689 879 3730 :
897 3689 1014 3750 ponam
1026 3668 1058 3730 in
1066 3668 1189 3731 deserto
1202 3665 1338 3730 abietem

189 3767 311 3830 ulmum
328 3772 359 3832 et
373 3767 504 3848 buxum,
528 3774 560 3834 et
575 3770 609 3833 in
624 3770 844 3836 vocabulariis.
867 3794 924 3836 nec
939 3773 973 3835 in
988 3772 1044 3836 illo
1060 3772 1108 3836 vis
1124 3773 1203 3836 latet
1219 3769 1335 3855 aliqua,

189 3871 255 3935 sive
277 3894 373 3936 unam
396 3872 506 3953 solam,
531 3875 597 3938 sive
620 3875 729 3959 ambas
752 3877 803 3940 vel
825 3899 932 3941 omnes
956 3881 1020 3941 tres
1035 3878 1153 3961 species
1169 3875 1336 3960 significet,

189 3997 227 4040 ex
249 3975 346 4041 humo
369 3978 453 4042 enim
469 4001 549 4044 areae
565 3979 716 4044 ulmensis
738 3986 909 4066 utrumque
928 4003 1028 4068 genus
1044 3983 1195 4046 arborum
1213 3981 1338 4066 copiose

755 4125 772 4166 lt

260 4234 272 4286 l
295 4229 379 4286 Felbe
396 4230 435 4286 ist
453 4230 530 4286 Salix
548 4233 615 4287 alba
633 4231 677 4300 L.;
697 4233 761 4290 Erle
780 4236 868 4289 Alnus
886 4235 1031 4304 glutinosa
1049 4236 1147 4291 aaran.
1167 4233 1223 4289 und
1237 4234 1338 4290 incana

196 4316 267 4385 Dec,
287 4320 404 4375 letatere
421 4320 465 4375 bei
483 4319 548 4375 Ulm
560 4338 596 4375 an
609 4322 658 4376 der
670 4321 768 4377 Donau
785 4323 844 4377 und
856 4323 923 4378 Iller
935 4324 1043 4391 haalim
1064 4323 1149 4392 Alber
1160 4324 1198 4377 ist
1215 4322 1339 4394 Populus

189 4407 256 4463 alba
276 4407 319 4474 L.;
339 4407 495 4479 allerdings
513 4409 591 4464 recht
604 4408 915 4467 verschiedenebtume.
959 4413 1048 4467 ares.
1067 4412 1109 4477 41,
1124 4411 1156 4467 19
1176 4410 1243 4467 Gok.
1266 4411 1337 4465 Bosa
