2806 4964
546 1276 772 1378 Principale
807 1277 871 1358 lll.

134 1494 175 1559 lle
199 1491 344 1558 civitatis
362 1489 514 1555 ulmensis
531 1488 760 1563 destructione,
785 1486 1045 1566 reaedificatione,
1073 1489 1284 1571 ampliatione

565 1597 597 1658 et
621 1590 852 1676 magnitudine.

651 1838 717 1908 Cap.
741 1841 763 1893 1.

29 1954 134 2076 epi-⁰¹2}-
173 1981 378 2057 Quomodo
408 1981 556 2044 civitas
586 1981 800 2044 destructa
823 1984 859 2045 et
882 1980 1247 2046 reaedificatafnit.

29 2066 82 2122 unni.
93 2067 123 2121 aa:

223 2229 364 2292 Tertium
397 2228 571 2312 principale
600 2229 637 2292 de
660 2226 757 2293 Ulma
788 2233 820 2293 et
842 2228 971 2293 civitate
1001 2227 1137 2291 ulmensi
1167 2231 1216 2292 est
1247 2228 1283 2290 de

133 2336 200 2400 eins
215 2333 437 2409 destructione,
461 2333 713 2412 reaedificatione,
737 2333 943 2416 ampliatione
959 2338 990 2397 et
1010 2332 1162 2396 continuo
1178 2334 1282 2396 incre-

24 2457 25 2460 ’
132 2442 250 2516 mento,
273 2437 401 2521 eiusque
417 2459 572 2502 mensura.
618 2436 713 2503 Anno
729 2438 848 2502 domini
864 2438 903 2501 ab
920 2437 1138 2502 incarnatione
1156 2439 1243 2502 1124
1261 2439 1282 2516 ¹,

132 2548 258 2608 mortuo
289 2541 439 2607 Heinrico
471 2541 566 2607 huius
594 2543 731 2607 nominis
764 2541 795 2606 V
822 2543 1032 2626 imperatore,
1064 2545 1282 2606 convenerunt

131 2649 288 2732 principes
311 2649 460 2713 electores
484 2649 522 2712 ad
547 2649 728 2734 eligendum
751 2649 863 2721 alium,
892 2652 924 2713 et
953 2648 1047 2713 divisi
1069 2649 1103 2712 in
1128 2647 1283 2712 electione

132 2757 262 2837 propter
284 2774 374 2836 papea
398 2753 600 2836 legationem,
624 2776 694 2837 qnae
718 2753 881 2832 obstabat,
906 2775 945 2817 ne
968 2752 1083 2837 aliquis
1107 2752 1145 2817 de
1168 2750 1280 2816 Suavis

132 2858 317 2942 eligeretur,
341 2858 419 2921 duos
441 2858 616 2941 elegerunt.
661 2856 735 2923 Una
767 2882 839 2942 pars
874 2881 990 2942 papam
1018 2879 1151 2941 sequens
1183 2857 1283 2941 elegit

132 2962 317 3028 Letharium
342 2960 487 3026 Saxoniae
510 2962 631 3041 ducem,
655 2963 718 3027 alia
740 2986 813 3047 pars
844 2964 942 3047 elegit
966 2963 1143 3027 Conradum
1169 2962 1281 3029 ducem

132 3061 316 3146 suevorum,
340 3068 446 3152 sicque
461 3067 655 3132 discedentes
671 3089 742 3132 curn
759 3069 914 3133 disturbio
940 3069 980 3132 ab
995 3069 1131 3132 invicem
1146 3072 1283 3153 uterque

132 3174 303 3237 electorum
325 3172 424 3255 gessit
456 3194 490 3236 se
513 3194 571 3255 pro
594 3171 809 3237 Romanorum
834 3195 926 3257 rege,
958 3177 989 3237 et
1012 3173 1096 3236 facta
1126 3175 1175 3237 est
1197 3175 1283 3256 peri-

131 3277 238 3341 culosa
261 3276 373 3340 divisio
404 3277 438 3339 in
462 3275 630 3340 Alemania
662 3279 693 3340 et
724 3278 881 3360 praecipue
903 3279 937 3341 in
961 3276 1090 3355 Sueria,
1123 3279 1200 3360 quia
1234 3278 1283 3343 illi

131 3382 343 3465 sequebantur
377 3381 583 3460 betharim,
616 3381 671 3445 alii
704 3380 893 3445 Conradum.
955 3381 1074 3446 Verum
1108 3381 1282 3448 Letharius

130 3485 246 3551 fortior
268 3485 412 3551 Conrado
435 3491 503 3551 erat
526 3491 557 3551 et
580 3509 696 3570 papam
724 3491 755 3550 et
777 3488 930 3570 majorem
952 3487 1132 3570 principum
1156 3491 1283 3571 partem

130 3592 278 3657 habebat.
312 3590 478 3677 Ingressus
494 3596 601 3656 autem
618 3589 766 3656 Sueviam
781 3591 951 3655 liutharius
967 3614 1036 3656 eam
1052 3595 1157 3656 artare
1174 3594 1281 3677 coepit,

130 3700 162 3760 et
186 3696 278 3760 veriti
301 3697 367 3760 eius
389 3696 612 3760 fortitudinem
633 3696 876 3760 intromiserunt
893 3696 1147 3780 quamplurimi,
1173 3697 1281 3783 sicque

130 3822 229 3884 usqne
251 3797 381 3864 Ulmam
405 3800 539 3864 devenit.
586 3799 651 3865 Ubi
674 3800 749 3864 dum
773 3804 872 3878 esset,
905 3801 1088 3865 clauserunt
1110 3799 1280 3868 Ulmenses

130 3908 253 3990 portas,
286 3904 423 3968 dicentes
445 3905 506 3969 hoc
529 3905 679 3988 oppidum
702 3927 766 3970 non
790 3903 968 3970 Saxonibus
992 3927 1048 3969 nec
1071 3904 1204 3986 Italicis,
1228 3909 1280 3972 sed

130 4008 304 4074 Suanorum
327 3991 459 4074 ducibus
483 4014 515 4074 et
537 4009 755 4075 Romanorum
786 4011 855 4095 regi
878 4034 915 4075 ex
938 4011 1049 4076 iisdem
1073 4011 1174 4077 electo
1198 4013 1280 4078 Con·

130 4114 206 4179 rado
236 4115 303 4178 fore
336 4115 547 4199 aperiendum.
601 4113 732 4181 Obsedit
763 4138 839 4204 ergo
867 4117 1038 4182 Letharius
1070 4115 1218 4197 Ulmam,
1250 4121 1280 4182 et

693 4226 711 4264 s

201 4306 214 4359 l
237 4305 639 4374 1127M0n.1.80had.K1.;
668 4307 712 4363 die
742 4307 849 4362 naharu
871 4306 991 4377 richtige
1009 4306 1073 4361 zahl
1093 4305 1161 4362 1124
1187 4307 1276 4363 haben

129 4393 247 4450 Goldast
267 4396 308 4450 ut.
327 4393 412 4448 Wibl.
490 4392 494 4398 ’
