2806 4964
674 325 715 390 79

111 502 272 590 ignobilis
306 506 508 588 pugnaturus
540 501 735 566 nobilitetur.
769 501 844 584 quia
874 500 947 563 talis
975 522 1083 586 pugna
1114 500 1180 565 fieri
1205 523 1268 564 non

113 615 223 690 potest
239 609 400 673 nisiinter
413 607 558 691 aequales,
574 610 612 670 ut
626 610 717 670 notat
731 606 838 691 glossa
854 607 893 669 ad
908 628 934 669 c.
952 607 989 669 de
1002 630 1077 689 pace
1092 607 1227 670 tenenda
1240 605 1268 669 ¹!

206 713 259 778 Ex
279 713 342 777 hac
364 713 505 796 ingenua
527 711 651 776 familia
673 711 735 774 fuit
758 715 882 775 creatus
905 711 1026 794 primus
1050 711 1202 792 magister
1224 711 1268 773 ci-

115 819 203 882 vium
226 817 367 882 civitatis
390 817 541 881 ulmensis
555 817 681 900 quando
696 816 845 880 inchoata
859 815 923 879 fuit
938 817 1084 892 civilitas,
1109 822 1140 880 et
1155 816 1266 880 multis

118 922 211 985 annis
234 923 417 987 felicissime
439 923 472 985 in
496 942 553 986 suo
575 921 685 985 ordine
708 920 799 983 rexit.
823 942 859 984 31
886 942 922 984 33
945 922 1040 983 etiam
1065 919 1128 983 fuit
1151 920 1269 984 electus

119 1027 241 1108 primus
263 1028 320 1110 qui
336 1027 475 1110 primurn
491 1026 627 1109 lapidem
643 1024 729 1088 illius
744 1023 932 1108 percelebris
949 1031 1117 1090 structurru
1133 1028 1269 1092 ecclesiae

120 1129 220 1195 beat‘e
237 1130 384 1216 Virginis
400 1131 433 1194 in
450 1129 546 1195 Ulma
561 1131 595 1193 in
610 1129 817 1193 fundamento
834 1128 961 1208 locavit,
986 1136 1021 1194 ut
1038 1133 1269 1214 supradictum

119 1241 164 1300 331
177 1235 201 1300 ².
251 1237 314 1316 Et,
339 1237 422 1321 quod
444 1235 495 1300 his
518 1234 655 1318 amplius
677 1239 742 1310 est,
779 1234 899 1317 primus
924 1235 1075 1299 fundator
1097 1241 1270 1300 conventus

118 1340 259 1406 fratrum
281 1341 526 1425 praedicatorum
557 1339 677 1404 311133
708 1338 832 1403 familia
853 1339 916 1403 fuit
939 1340 1073 1426 insignis
1096 1341 1144 1404 vir
1167 1341 1269 1405 dictus

118 1447 272 1531 antiquus
288 1446 405 1511 Krafft.
451 1446 512 1522 Qui
534 1445 668 1510 fundato
690 1448 846 1508 conventu
870 1448 902 1509 et
918 1446 1029 1528 positis
1052 1444 1205 1509 fratribus
1221 1469 1270 1510 se·

115 1553 286 1637 pulturam
302 1574 392 1617 suam
407 1550 573 1616 transtulit
588 1550 627 1614 ad
643 1549 796 1632 capellam
823 1571 977 1613 annexam
994 1549 1090 1613 choro
1114 1549 1267 1614 Praedica-

115 1661 246 1737 torum,
276 1659 311 1722 in
340 1679 403 1741 qua
434 1677 492 1739 pro
524 1656 654 1739 perenni
684 1655 836 1718 memoria
869 1655 1086 1738 quotidianam
1110 1655 1270 1719 ordinavit

120 1762 254 1826 missam
277 1784 349 1826 curn
371 1760 570 1844 lampadibus
593 1760 715 1824 duabus
730 1759 891 1842 perpetuis
914 1765 945 1824 et
965 1766 1058 1844 grata
1082 1764 1218 1826 fratrum
1234 1783 1270 1824 ac

119 1864 215 1951 larga
237 1866 427 1949 provisione.
474 1864 602 1929 Mortuo
633 1868 738 1927 autern
770 1864 837 1928 viro
866 1863 923 1929 illo
951 1865 1106 1929 catholico
1128 1866 1271 1949 sepultus

118 1969 184 2033 fuit
206 1970 241 2034 in
257 1969 402 2054 sepulcro
426 1971 509 2054 quod
524 1992 582 2053 pro
605 1991 638 2033 33
654 1975 685 2033 31
708 1970 773 2033 suis
789 1974 956 2053 paraverat
978 1992 1050 2035 cum
1065 1971 1270 2035 subterraneo

124 2074 320 2140 testudinato
354 2097 448 2159 specu
481 2076 519 2139 ad
551 2073 776 2139 Praedicatores
809 2075 843 2138 in
878 2076 999 2159 capella
1036 2076 1171 2159 praefata
1204 2075 1270 2141 Scti

123 2177 276 2259 loannis,
307 2203 403 2264 super
434 2180 522 2244 cuius
545 2178 725 2263 sepulcrum
753 2180 883 2266 grandis
905 2181 1010 2263 posita
1034 2185 1081 2245 est
1105 2185 1194 2264 petra
1216 2182 1268 2244 de·

125 2287 236 2349 aurata
267 2307 341 2349 cum
363 2285 541 2369 insignibus
572 2305 731 2348 armorum
755 2289 787 2349 et
810 2285 990 2369 epitaphio,
1022 2288 1110 2349 cuius
1133 2286 1201 2349 haec
1223 2289 1270 2349 est

123 2389 297 2473 scriptura:
322 2389 417 2453 Anno
433 2389 553 2455 domini
570 2390 653 2453 1298
670 2390 702 2452 in
725 2390 775 2454 die
791 2389 959 2473 epiphanie
975 2390 1056 2454 obiit
1079 2391 1138 2454 dns
1154 2389 1269 2453 Krafto

124 2494 273 2578 antiquus
308 2494 413 2558 scriba
444 2493 596 2558 fundator
624 2498 741 2558 noster.
788 2494 857 2559 Hoc
889 2495 1087 2579 epitaphium
1119 2494 1194 2558 licet
1228 2494 1270 2557 sit

124 2597 310 2683 simpliciter
331 2601 489 2682 positum,
520 2599 588 2664 sine
610 2599 714 2663 colore
737 2600 905 2679 rhetorico,
930 2601 991 2664 viri
1015 2607 1121 2665 tamen
1143 2599 1270 2684 magni·

122 2690 288 2769 ficentiam'
311 2704 421 2788 paucis
452 2708 485 2768 et
515 2704 691 2768 luculenter
722 2705 880 2788 exprimit.
931 2704 1007 2769 Tria
1047 2705 1132 2770 enim
1164 2706 1202 2769 de
1234 2728 1270 2769 eo

122 2808 261 2894 insignia
284 2810 442 2875 enunciat
490 2807 596 2873 Primo
619 2810 758 2874 natalem
778 2810 978 2875 nobilitatem
1000 2810 1117 2875 militia
1140 2810 1268 2874 decora-

122 2914 240 2978 tamin
265 2937 302 2979 eo
325 2916 409 2999 quod
432 2914 510 2980 dicit
531 2913 676 2978 dominus
700 2914 833 2993 Krafto,
858 2915 949 2998 quia,
973 2939 1044 2981 cum
1067 2914 1184 2980 Krafto
1207 2915 1271 2979 fuit

125 3038 256 3100 genere,
288 3019 407 3084 nobilis
429 3024 508 3095 erat,
532 3024 564 3084 et
587 3018 662 3103 quia
684 3019 789 3098 miles,
819 3020 964 3085 dominus
988 3025 1036 3084 est
1057 3025 1269 3104 nuncupatus,

126 3124 242 3188 nobiles
273 3128 380 3188 autem
410 3124 478 3189 sine
508 3124 625 3188 militia
654 3124 812 3189 domicelli
844 3125 1011 3205 dicuntur,
1042 3149 1113 3191 cum
1145 3125 1270 3201 militia,

128 3225 249 3306 domini,
274 3233 311 3292 111
326 3229 424 3293 habet
437 3252 513 3294 usus
529 3229 713 3295 communis.
760 3229 849 3295 Sicut
865 3231 949 3295 enim
970 3232 1113 3295 doctores
1128 3229 1162 3292 in
1177 3230 1270 3306 clero,

131 3325 167 3395 ita
188 3332 307 3397 milites
330 3332 551 3406 internobiles
574 3339 650 3398 sunt
671 3334 797 3419 ingenti
820 3337 1032 3421 praerogativa
1054 3334 1271 3418 praevalentes,

132 3432 170 3511 (ut
190 3437 310 3521 legitur
332 3441 363 3500 et
386 3442 516 3502 notatur
533 3439 552 3503 6
569 3442 585 3519 3
605 3442 619 3502 1
638 3440 670 3502 ff.
695 3439 722 3503 si
746 3441 817 3523 quis
841 3441 878 3504 de
900 3440 1095 3504 militibus..
1112 3488 1118 3501 .
1134 3440 1171 3520 ³),
1196 3436 1272 3520 quia

128 3539 237 3607 militia
260 3548 309 3607 est
324 3542 475 3627 dignitas,
500 3543 549 3628 (ut
565 3544 683 3609 ibidem
705 3544 822 3609 dicitur
845 3568 870 3610 c.
887 3544 1046 3608 militare.
1061 3593 1067 3606 .
1083 3543 1109 3627 ⁴)
1134 3548 1166 3607 et
1181 3541 1271 3606 miles

686 3684 702 3720 111

192 3784 205 3836 1
225 3784 391 3856 [Feudorum
410 3785 428 3839 1.
450 3785 485 3838 11.
504 3785 550 3840 tit.
569 3787 611 3849 27,
630 3789 654 3840 3.
675 3787 698 3839 si
719 3786 799 3840 miles
819 3787 881 3854 etc]
928 3788 959 3838 ut
978 3802 1020 3839 no.
1040 3785 1096 3854 glo.
1115 3788 1144 3840 et
1162 3786 1192 3838 li.
1213 3787 1271 3842 fau.

112 3875 136 3912 0·
161 3869 196 3924 de
212 3888 281 3940 pace
300 3871 423 3926 tenenda
445 3872 529 3927 Woll.
567 3876 599 3927 ut
618 3890 660 3928 no.
681 3873 737 3940 glo.
757 3876 785 3927 et
810 3873 837 3927 li.
869 3873 916 3926 fau
944 3890 965 3928 3.
992 3873 1026 3926 de
1052 3891 1119 3941 pace
1149 3874 1272 3928 tenenda

108 3940 193 4010 Mon.
212 3959 236 4022 2,
273 3960 305 4011 111
323 3962 381 4014 1131.
401 3960 439 4028 gl.
458 3977 479 4014 c.
500 3959 534 4013 de
552 3977 612 4028 pac.
632 3962 688 4014 ten.
708 3959 808 4015 Schad.
846 3963 877 4013 ut
891 3963 950 4015 not'.
971 3961 1009 4029 gl.
1030 3978 1050 4014 c.
1071 3961 1106 4014 de
1119 3964 1192 4030 pact.
1213 3963 1270 4014 ten.

108 4027 206 4098 Wru.
224 4045 345 4100 ahmin.
381 4047 430 4100 1111
456 4047 680 4102 1111313331.
716 4047 756 4100 nn
783 4047 834 4100 nar
860 4047 933 4100 aar
961 4048 1084 4115 aquales
1108 4052 1158 4101 etc.
1189 4047 1271 4106 aas,

107 4113 298 4188 beidelnssen
311 4134 361 4187 das
372 4133 443 4187 citat
457 4152 524 4203 weg.
553 4135 569 4187 2
583 4152 603 4187 s.
615 4135 658 4189 38.
688 4139 704 4190 3
717 4136 749 4190 13.
761 4137 893 4190 3111369
907 4137 917 4188 l
930 4135 1024 4204 siquis
1037 4135 1215 4189 demilitibus
1226 4133 1270 4190 Kl.

107 4199 156 4263 ¹³-
177 4222 203 4271 et
219 4239 260 4274 no.
286 4221 319 4273 Vl
344 4223 360 4275 9
384 4226 394 4274 l
421 4221 448 4274 ff.
468 4222 571 4290 siquis
596 4223 630 4275 de
653 4222 791 4275 militibus
817 4223 1034 4277 1133111311.
1081 4223 1135 4288 leg.
1164 4223 1192 4272 et
1209 4223 1267 4274 not.

108 4304 138 4343 0-
166 4305 285 4362 69lsi
303 4308 366 4378 quis
385 4325 449 4362 cum
467 4309 845 4378 1111111111.[221.(1311.13333.
919 4313 975 4363 13.
994 4309 1118 4362 militare
1131 4309 1166 4376 [5.
1188 4324 1265 4360 caus,

110 4378 171 4462 23]
187 4396 224 4450 est
242 4397 322 4452 miles
342 4396 412 4453 Gok.
434 4397 504 4452 Bess.
540 4397 571 4450 in
589 4396 709 4452 sedendo
728 4399 756 4450 et
776 4396 947 4451 ambulando
967 4395 1051 4450 Wibl.
1072 4392 1190 4448 Schmid.
