2806 4964
696 295 737 360 50

141 475 316 550 desursum,
339 472 545 558 singulariter
568 474 675 536 tamen
690 471 821 550 ferrum,
845 495 901 556 per
917 471 1021 556 ipsum
1044 472 1140 537 etiam
1156 470 1294 536 remittit

141 578 212 642 aliis
235 577 384 663 gentibus
415 599 481 642 sua.
527 575 660 640 Blauius
692 598 766 641 vero
797 577 879 640 nibil
909 577 1047 662 navigiis
1080 577 1205 640 inducit
1237 597 1292 640 nec

141 683 285 762 abducit,
317 684 370 747 sed
398 706 454 766 per
484 705 516 746 se
546 683 651 766 ipsum
679 682 850 765 plurimam
883 683 967 746 salut
953 687 1018 746 tem
1040 682 1101 746 civi
1104 682 1165 745 tati
1188 682 1290 758 affert,

138 789 208 852 ideo
231 811 295 852 non
318 789 358 853 ab
382 792 435 851 ext
436 811 472 851 ra
505 788 601 851 civita
602 791 704 851 temt
706 789 825 865 ransit,
792 788 910 852 tsed
932 793 1006 852 cont
1007 810 1043 851 ra
1068 810 1137 851 eam
1161 809 1290 851 currens

139 894 278 978 ingredit
264 897 318 956 tur
340 897 493 976 tanquam
509 892 641 956 domest
618 897 699 956 trous
715 897 747 956 ιι
763 892 917 976 potens
891 893 978 969 orvis,
1001 892 1104 975 ipsam
1125 892 1288 956 ciuitatem

139 998 242 1076 alluit,
266 999 373 1062 sordes
397 997 544 1074 abducit,
567 997 704 1060 farinam
727 997 832 1075 molit,
862 997 948 1061 vicos
976 1017 1084 1060 omnes
1108 996 1202 1080 aquis
1225 997 1289 1059 suis

139 1101 206 1180 alit,
224 1104 255 1164 et
266 1123 429 1184 nunquam
446 1100 484 1163 ad
495 1105 690 1181 momentum
703 1101 832 1164 servitia
847 1124 904 1165 sua
919 1100 1117 1179 intermittit,
1133 1123 1192 1165 nec
1203 1100 1288 1164 viam

97 1206 99 1211 ’
138 1209 193 1269 aut
215 1206 375 1290 gurgitem
401 1204 499 1268 alium
521 1204 623 1268 facere
645 1205 777 1288 poterit,
807 1207 869 1269 nisi
900 1228 957 1288 per
988 1206 1125 1270 mediam
1148 1204 1287 1270 Ulmam.

137 1309 211 1374 Non
234 1310 279 1373 sic
301 1309 477 1387 Danubius,
501 1309 556 1392 qui
580 1314 615 1372 ιιι
630 1309 746 1373 dicitur
763 1333 781 1373 a
797 1311 926 1374 civitate
942 1311 1044 1375 averti
1058 1312 1189 1394 poterit,
1213 1313 1286 1376 licet

136 1413 238 1478 multo
262 1412 379 1478 labore.
403 1413 563 1496 quondam
586 1413 670 1477 enim
694 1414 821 1497 quidam
838 1415 902 1477 dux
920 1414 1116 1479 Bavarorum
1139 1416 1286 1481 inimicus

137 1504 337 1582 Ulmdnsium
368 1517 611 1596 consiliabatur,
644 1540 706 1603 quo
735 1519 768 1582 in
801 1520 869 1583 loco
902 1524 1009 1602 posset
1039 1518 1200 1604 Hylarum
1233 1544 1286 1604 per

137 1624 235 1687 alium
257 1622 420 1708 gurgitem
443 1624 599 1698 avertere,
623 1644 662 1686 ne
683 1621 832 1686 Danubio
855 1623 1052 1707 iungeretur,
1076 1625 1179 1688 sciens
1202 1627 1284 1709 quod

136 1727 302 1792 Danubius
325 1729 392 1792 sine
415 1726 537 1811 Hylaro
560 1728 683 1792 inutilis
699 1726 905 1792 Ulmensibus
928 1733 1020 1808 essct,
1044 1731 1154 1794 sed'de
1172 1730 1283 1796 Blauio

136 1834 307 1898 avertendo
319 1832 479 1896 consiliari
495 1854 558 1895 non
571 1837 688 1915 potest,
704 1855 775 1896 cum
787 1833 829 1896 sit
844 1833 1040 1916 impossibile
1052 1834 1130 1899 fieri.
1167 1834 1285 1911 Quam·

135 1939 183 2002 ris
207 1943 313 2002 autem
335 1938 403 2021 ipse
426 1937 557 2001 Blauius
581 1942 617 2000 ut
647 1939 724 2002 civis
748 1942 779 2002 et
803 1939 921 2002 amicus
945 1961 1068 2022 semper
1100 1941 1180 2005 assit
1203 1943 1282 2020 urbi,

135 2046 242 2106 tamen
265 2043 305 2106 ab
338 2043 407 2125 ipsa
436 2064 493 2105 sua
522 2043 682 2126 genetrice
710 2043 853 2127 nympha
880 2045 1042 2109 interdum
1071 2047 1284 2130 importunius

135 2146 302 2222 evomitur,
328 2150 359 2210 ιι
381 2150 458 2210 tunc
481 2145 691 2211 intumescens
714 2149 806 2231 quasi
829 2149 939 2227 iratus,
963 2148 1074 2214 furens
1096 2155 1129 2214 et
1152 2154 1283 2218 saeviens

37 2254 82 2332 Ufi„
73 2254 123 2331 ⁰¹22,
136 2255 246 2316 contra
262 2251 433 2329 civitatem,
449 2272 514 2314 non
530 2256 566 2314 ιιι
581 2252 658 2315 civis
675 2257 706 2316 ιι
692 2253 853 2325 tdomest
829 2258 920 2332 trous,
943 2257 997 2319 sed
1013 2260 1050 2319 ut
1071 2256 1174 2321 hostis
1192 2259 1284 2324 terri·

134 2357 346 2422 bilissimus
337 2357 449 2435 uruit,
485 2358 732 2421 eturbulento
763 2358 873 2422 fremit
859 2363 895 2422 tu
926 2360 1096 2443 rumpite
1080 2362 1285 2427 etdevastat

135 2484 205 2547 quae
227 2462 358 2540 invenit,
382 2467 413 2526 ιι
436 2462 542 2525 οιιιιιιι
566 2467 677 2545 repent
679 2486 694 2525 e
711 2464 820 2546 replet.
845 2466 927 2527 unde
944 2487 1027 2528 anno
1043 2465 1176 2529 Domini
1201 2469 1281 2532 1461

133 2569 167 2631 in
190 2568 432 2652 quadragesima
454 2568 560 2632 subito
584 2569 738 2632 intumuit
761 2573 792 2632 ιι
816 2569 1015 2652 rapidissimo
1046 2592 1140 2634 cursu
1172 2578 1284 2637 contra

133 2673 229 2736 civita
230 2673 326 2736 tem
317 2695 350 2735 m
374 2694 481 2736 muros
506 2673 611 2751 irruit,
635 2696 699 2737 non
723 2677 796 2737 cont
799 2678 890 2737 entus
913 2674 1100 2752 faucibus,
1091 2698 1180 2758 1psos
1196 2701 1283 2743 ever·

133 2782 199 2842 tere
222 2779 357 2841 conabat
343 2781 450 2841 tture
473 2779 511 2843 de
533 2779 618 2842 facto
641 2779 880 2856 invalidavit,e
864 2779 951 2842 etin
968 2779 1065 2843 civita
1067 2784 1147 2844 tem
1155 2783 1284 2848 veniens

133 2885 219 2945 rotas
235 2882 378 2945 omnium
393 2881 647 2946 molendinarum
663 2884 732 2947 dest
718 2884 829 2962 traxit
847 2883 1052 2948 etfullonum
1064 2907 1100 2949 ac
1113 2887 1283 2952 cerdonum

132 3009 168 3050 ac
199 2986 335 3050 aliorum
364 2987 446 3051 circa
479 3011 576 3072 aquas
606 2988 764 3053 laborant
741 2994 822 3052 trum
850 3011 977 3053 scamna
1007 2994 1039 3054 ιι
1068 2990 1283 3057 instrumenta

132 3090 328 3169 dissoluilae
329 3091 434 3155 ι121
458 3093 569 3156 domus
593 3116 610 3155 a
634 3093 840 3157 fundamento
822 3116 974 3158 cernens
996 3099 1028 3158 ιι
1044 3110 1153 3161 omn'es
1170 3102 1281 3182 pontes

132 3196 224 3279 quasi
247 3196 500 3279 depraedatort
468 3220 484 3260 e
486 3197 669 3262 teffractor
692 3199 927 3263 crudelissimus
951 3201 988 3263 de
1012 3200 1142 3266 civitate
1162 3203 1280 3279 eduxi,

130 3300 232 3383 spolia
255 3300 411 3364 ditissima
439 3302 471 3364 ιιι
503 3301 600 3386 lignis
626 3302 758 3366 Bararis
789 3309 820 3367 ιι
845 3303 1048 3368 Australibus
1080 3305 1215 3371 afferens
1245 3330 1281 3372 ex

32 3403 227 3488 11,ξῖοέΞζΞιιιιιιιι
251 3406 357 3487 rapta,
381 3405 463 3468 unde
486 3405 519 3468 in
542 3406 636 3470 unius
660 3407 746 3470 horae
769 3408 872 3491 spatio
897 3408 981 3472 ultra
1006 3410 1045 3474 10
1069 3409 1159 3474 milia
1188 3412 1281 3476 fiore-

130 3531 244 3573 norum
267 3514 456 3573 nocumenta
471 3510 607 3574 ulmensi
629 3512 752 3575 civitati
774 3512 894 3576 intulit.
940 3514 990 3577 Ειι
1006 3535 1043 3578 eo
1071 3519 1179 3579 autem
1202 3521 1280 3581 tem·

130 3635 205 3696 pore
222 3614 454 3696 ampliaverunt
477 3614 643 3680 Ulmenses
659 3616 765 3680 fauces
782 3617 932 3709 fluminis,
957 3623 993 3682 ιιι
1008 3618 1053 3683 ιιι
1070 3623 1201 3686 veniens
1217 3645 1280 3687 non

129 3721 219 3800 petat
241 3740 367 3794 murum
384 3723 531 3785 evertere.
579 3719 640 3784 Sed
656 3725 689 3785 et
703 3720 844 3805 Hylarus
861 3724 1051 3807 quandoque
1066 3724 1104 3789 de
1119 3728 1280 3791 montanis

130 3822 219 3905 quasi
243 3822 305 3885 salt
292 3826 360 3886 tum
383 3826 527 3908 capitet
556 3827 656 3910 impet
658 3828 822 3944 uosissime
844 3828 993 3892 Danubio
1022 3829 1149 3895 iunctus
1182 3834 1280 3897 muris

128 3925 240 4004 insilit,
216 3930 314 3990 ttra
315 3950 347 3990 es
370 3929 524 4008 dissolvit,
549 3935 628 4013 pont
630 3954 661 3995 es
685 3932 826 3996 concutit
849 3932 1099 4010 etabducit,t
1068 3957 1084 3997 ι
1085 3936 1274 4002 tcivitatem

128 4031 239 4095 tturba
241 4053 292 4093 am
307 4032 419 4096 reddit.
453 4032 572 4099 Similit
559 4041 607 4100 ter
618 4041 649 4100 et
662 4036 827 4101 Danubius
843 4038 1026 4102 turbinibus
1042 4043 1155 4105 auctus
1173 4042 1278 4107 omnia

130 4158 200 4221 quae
224 4138 332 4222 tangit
355 4139 479 4219 evertit,
503 4145 534 4204 et
556 4162 654 4206 novos
671 4144 815 4227 gurgites
830 4163 886 4226 per
902 4163 996 4227 agros
1012 4144 1123 4209 hortos
1140 4151 1174 4211 et
1188 4152 1279 4232 prata

693 4275 711 4314 s

200 4372 312 4426 lXVll
332 4370 451 4428 Goldast
469 4374 510 4427 ut.
546 4373 598 4427 XII
618 4375 691 4431 Mon.
712 4377 734 4430 l.
763 4373 863 4453 Schad.
896 4375 1040 4432 duodecim
1059 4377 1103 4432 Kl.
1142 4380 1174 4433 12
1193 4379 1274 4434 Wibl.
