2806 4964
740 309 782 374 20

188 483 305 550 Petri¹
338 488 370 549 et
393 507 518 548 murum
542 488 610 548 erat
633 489 788 570 angustus
812 484 982 564 transitus,
1016 485 1122 570 sicque
1151 509 1262 551 murus
1286 508 1340 550 ex·

188 593 297 653 tensus
320 610 377 672 per
399 588 503 652 locum
525 588 664 652 medium
687 587 815 652 illarum
838 589 1004 653 domorum
1019 588 1154 655 Joannis
1175 590 1339 678 Giengers,

190 693 368 758 Sebastiani
391 692 520 758 Liebers
535 715 635 777 usque
651 692 690 756 ad
706 693 835 756 domum
851 693 929 756 dicti
943 692 1050 774 Wiolr,
1074 715 1146 779 quae
1161 698 1209 759 est
1224 695 1340 759 ultima

190 799 224 862 in
247 799 303 863 illo
327 800 493 864 domorum
516 799 626 863 ordine
657 820 696 862 ex
719 798 864 882 opposito
888 798 999 862 domus
1023 797 1160 863 conradi
1183 798 1287 864 Rentz
1308 803 1340 864 εὴ

191 905 302 968 domus
325 904 525 969 dominarum
549 904 587 968 de
609 905 856 990 congregatione
878 904 985 968 Buten
1000 902 1023 970 ².
1068 905 1113 968 Et
1135 905 1168 968 in
1190 903 1261 969 loco
1284 905 1340 969 do-

188 1031 259 1073 mus
282 1007 379 1073 Wick
401 1008 624 1073 reflectebatur
646 1009 779 1073 ulterius
794 1031 904 1072 murus
920 1006 1030 1072 contra
1057 1009 1261 1089 occidentem,
1286 1011 1340 1074 de-

188 1115 310 1179 clinans
333 1118 443 1179 contra
467 1113 573 1177 locum
596 1113 651 1176 ubi
673 1134 757 1176 nunc
780 1113 891 1176 domus
914 1111 1046 1196 Caspari
1075 1112 1272 1177 Liebharts³
1301 1137 1340 1178 ex

189 1219 335 1304 opposito
359 1218 470 1283 domus
495 1216 597 1282 Ulrici
619 1217 797 1302 Ehingers,
831 1218 932 1281 etita
961 1222 1188 1300 consequenter
1210 1223 1341 1303 proten-

189 1322 323 1388 debatur
344 1345 454 1388 murus
486 1344 542 1405 per
573 1322 678 1385 locum
709 1321 796 1385 illius
827 1320 947 1385 ordinis
979 1321 1144 1386 domorum
1172 1345 1274 1408 usque
1306 1324 1341 1387 in

190 1427 329 1512 plateam
352 1427 577 1492 occidentalem
600 1425 736 1490 ecclesiae
750 1425 852 1490 beatae
867 1425 1012 1511 virginio,
1036 1426 1117 1491 etin
1138 1427 1252 1510 plateae
1268 1428 1340 1493 loco

192 1533 419 1598 recurvabatur
441 1553 550 1595 murus
581 1531 621 1594 ab
653 1531 814 1595 occidente
843 1531 1009 1615 paululum
1042 1533 1075 1595 in
1099 1533 1262 1598 meridiem
1285 1557 1342 1618 per

190 1639 295 1703 locum
328 1639 384 1703 ubi
416 1660 500 1702 nunc
530 1640 577 1702 est
609 1641 783 1702 conventus
815 1637 953 1702 fratrum
983 1639 1143 1702 minorum
1172 1661 1273 1723 usque
1300 1639 1342 1703 ad

191 1744 307 1808 turrim
330 1743 380 1808 vel
402 1747 526 1827 portam
552 1743 688 1807 leonum.
737 1741 882 1826 Aporta
914 1747 1020 1808 autem
1042 1742 1099 1808 illa
1131 1744 1341 1809 descendebat

190 1872 300 1914 murus
323 1872 379 1932 per
413 1851 515 1914 locum
543 1849 598 1912 ubi
631 1870 715 1913 nuuc
749 1853 797 1913 est
828 1850 905 1913 ordo
935 1871 1017 1914 unus
1049 1850 1215 1914 domorum
1249 1851 1342 1934 quasi

190 1976 290 2040 usque
306 1953 346 2018 ad
360 1954 508 2018 Blauium
525 1953 668 2033 fiuvium,
685 1956 717 2018 et
731 1955 885 2019 conclusit
901 1956 1029 2019 domum
1046 1953 1175 2038 Georgii
1191 1954 1342 2035 Strdlins,

196 2081 266 2144 quae
289 2063 366 2123 tunc
389 2059 553 2123 castrum4
577 2064 662 2138 erat,
685 2060 768 2124 sicut
789 2059 883 2124 hodie
906 2064 996 2143 patet
1025 2082 1092 2124 rem
1126 2060 1342 2143 perspicienti,

94 2225 98 2235 ,
190 2168 222 2228 et
244 2164 278 2228 in
301 2185 399 2228 cornu
422 2165 508 2229 illius
532 2165 642 2229 domus
666 2165 887 2230 reflectebatur
915 2188 1025 2229 murus
1055 2164 1198 2230 totaliter
1229 2170 1342 2230 contra

190 2269 355 2333 meridiem
377 2269 462 2333 inter
485 2269 623 2333 civitatis
646 2269 759 2334 collem
782 2273 813 2334 et
836 2269 984 2334 Blauium
1007 2270 1138 2335 fluvium
1167 2293 1262 2355 quem
1285 2293 1342 2335 ex-

191 2374 314 2438 clusum
342 2374 501 2453 habebat,
533 2379 565 2438 et
598 2375 644 2439 ita
676 2375 815 2459 gyrabat
841 2376 976 2449 inferius
1006 2377 1112 2440 forum
1145 2376 1212 2441 vini
1243 2399 1342 2460 supra

192 2481 376 2545 habitacula
410 2481 604 2564 piscatorum
638 2482 827 2547 descendens
860 2504 959 2565 usque
993 2481 1032 2546 ad
1067 2482 1157 2545 littus
1187 2481 1342 2546 Danubii.

190 2586 363 2670 Attingens
387 2590 492 2650 autem
514 2586 701 2652 Danubium
723 2587 880 2671 paulatim
896 2587 1123 2651 recurvabatur
1148 2591 1260 2658 contra
1275 2586 1343 2649 ori-

191 2696 296 2755 entem
319 2713 418 2775 usque
441 2691 480 2754 ad
504 2692 619 2756 turrim
643 2691 812 2771 balistarii,
836 2714 907 2776 quae
929 2695 1023 2775 porta
1045 2695 1130 2771 erat,
1162 2715 1181 2755 a
1204 2714 1268 2776 qua
1291 2691 1342 2755 di-

191 2796 385 2860 mensionem
407 2796 591 2880 incepimus.

280 2899 318 2965 In
341 2889 612 2991 tempore-autem
634 2901 691 2967 illo
715 2905 841 2987 quando
864 2904 1016 2988 oppidum
1038 2904 1083 2968 sic
1105 2903 1231 2983 stabat,
1263 2906 1342 2968 tunc

192 2981 265 3070 erite
287 3010 413 3089 portam
437 3005 593 3070 balistarii
625 3030 689 3072 non
725 3014 816 3073 erant
837 3033 894 3075 nec
916 3012 1000 3074 muri
1031 3031 1087 3074 neo
1115 3010 1236 3074 fossata
1258 3011 1343 3074 sicut

102 3112 108 3124 ’
192 3132 276 3174 nunc
298 3115 391 3190 sunt,
420 3111 474 3175 sed
502 3112 689 3176 suburbium
712 3113 758 3176 ibi
788 3119 857 3178 erat
879 3137 973 3199 super
1002 3115 1094 3179 littus
1123 3114 1283 3195 Danubii,
1307 3115 1343 3178 in

192 3238 255 3300 quo
277 3217 449 3300 piscatores
480 3215 618 3280 fullones
641 3220 672 3280 et
695 3217 842 3282 cardones
866 3219 1056 3298 residebant,
1080 3223 1112 3283 et
1136 3220 1250 3284 balnea
1275 3220 1343 3285 sive

191 3321 339 3385 aestuaria
372 3320 502 3384 stabant
527 3320 561 3382 in
594 3320 723 3385 fossatis
755 3320 841 3385 infra
873 3327 1063 3387 conventum
1096 3324 1343 3408 praedicatorum

190 3448 246 3510 per
270 3449 340 3512 quae
363 3449 447 3491 nunc
469 3426 587 3491 latrina
618 3449 727 3491 eorum
750 3428 909 3493 emittitur
940 3433 972 3494 et
1004 3430 1285 3514 hospitalariorum
1306 3431 1342 3494 in

191 3529 384 3598 Danubium.
431 3530 531 3596 Locus
554 3554 628 3596 vero
652 3536 824 3598 conventus
855 3535 1097 3616 praedicatorum
1127 3540 1195 3600 erat
1217 3536 1341 3616 hortus,

192 3639 225 3700 et
247 3637 458 3700 coemiterium
480 3636 610 3716 fossata,
634 3659 704 3721 quae
728 3639 845 3703 directe
868 3639 1029 3723 gyrabant
1050 3665 1107 3725 per
1130 3643 1235 3707 vicum
1257 3665 1342 3725 prae-

192 3740 368 3805 dicatorum
390 3746 422 3807 et
444 3765 500 3826 per
523 3744 655 3827 longum
678 3743 810 3808 vicum⁵
844 3767 942 3829 usque
965 3746 1004 3811 ad
1031 3747 1159 3811 domum
1181 3746 1342 3826 Johannis

755 3908 773 3946 ak

265 4023 278 4077 1
298 4023 372 4077 Bess.
391 4021 422 4078 in
440 4041 530 4094 marg.
549 4021 830 4084 Salmansweilerhof.
913 4027 929 4080 2
949 4027 1020 4083 Bess.
1039 4027 1070 4082 in
1087 4046 1177 4098 marg.
1196 4027 1343 4099 Samlung.

194 4110 494 4181 30asparLiebhartz
509 4114 581 4168 Mon.
595 4112 699 4169 ason.
734 4114 851 4184 Caspari
865 4114 1100 4173 LiebholtzVees.
1137 4117 1253 4187 Caspari
1264 4117 1344 4173 Lieb·

192 4197 244 4252 hsz
266 4199 386 4254 Schmid.
411 4199 497 4254 Wibl.
520 4199 570 4254 Eh.
612 4199 728 4270 Caspari
749 4200 881 4256 tiebhalz
903 4201 1002 4257 Schad.
1023 4203 1067 4259 Kl.
1098 4203 1233 4259 Liebhatz
1258 4205 1344 4260 Woll.

104 4349 107 4355 .
191 4287 209 4340 4
229 4286 301 4341 Bess.
321 4286 351 4340 in
369 4304 458 4356 marg.
477 4287 636 4357 konigshof,
655 4289 737 4344 hodie
755 4289 896 4345 Newbaw.
933 4295 948 4346 5
970 4290 1081 4361 Longus
1099 4292 1183 4358 vicus,
1203 4292 1279 4348 wohl
1297 4292 1343 4347 die

192 4376 304 4444 spttere
322 4374 506 4446 Halengssse.
