2806 4964
665 318 729 384 204

118 496 298 581 ingressum
321 495 360 560 ad
384 494 539 559 moniales
562 494 706 579 pericula
728 495 1089 560 excommunicationum
1113 497 1271 580 papalium

120 601 313 687 frequenter.
358 599 443 664 Dum
478 602 586 664 autem
616 600 680 663 iam
712 598 829 663 fratres
862 601 1085 683 praedicatores
1110 602 1272 669 reformati

119 707 278 773 essentia
302 705 413 785 Ulma,
436 710 602 790 coeperunt
624 727 734 770 eorum
757 706 980 789 praedicatores
1002 711 1115 771 contra
1138 729 1204 772 non
1229 730 1272 773 re·

120 814 276 878 formatos
305 809 443 896 clamare
475 815 508 875 et
537 809 849 911 pericnla‘detegere
880 816 912 877 et
934 813 1273 879 excommunicationes

119 920 202 983 latas
218 921 330 982 contra
341 914 556 1001 ingredientes
571 915 801 980 monasterium
816 920 934 981 sanctae
947 915 1048 982 Glarae
1059 917 1273 1003 promulgare,

23 1023 152 1104 ,2⁰2⁶s„et
174 1022 235 1086 sibi
258 1020 445 1086 confitentes
469 1021 509 1085 ad
532 1043 647 1104 papam
671 1020 853 1099 remittere,
889 1025 921 1085 et
952 1044 989 1086 ex
1012 1021 1124 1086 multis
1157 1023 1273 1088 talibus

121 1128 223 1213 aperti
246 1126 420 1191 suntoculi
441 1125 641 1191 dominorum
656 1124 824 1190 consulum
847 1129 879 1194 ct
893 1125 1068 1190 multorum
1085 1128 1273 1192 secularium

120 1232 153 1298 in
176 1229 284 1309 Ulma,
308 1234 340 1296 et
363 1231 403 1295 ad
427 1235 518 1296 tanta
541 1230 681 1314 pericula
704 1235 872 1315 coeperunt
894 1230 1075 1296 horrescere
1098 1235 1131 1297 et
1154 1232 1273 1311 timere,

122 1340 299 1423 qnaerentes
321 1358 385 1420 qna
400 1337 453 1401 via
475 1357 639 1419 cumpace
662 1339 695 1400 et
718 1334 954 1419 tranquillitate
969 1337 1069 1401 tantis
1093 1337 1190 1402 malis
1206 1337 1274 1403 finis

120 1441 242 1528 imponi
274 1445 390 1524 posset.
444 1439 482 1504 In
521 1440 571 1504 his
604 1424 710 1505 autem
743 1441 862 1505 domini
895 1439 1061 1506 Ulmenses
1096 1443 1274 1510 consultum

53 1598 55 1603 .
120 1547 283 1612 habebant
298 1549 463 1629 expertum
479 1544 583 1608 virum
606 1550 638 1610 et
653 1544 869 1610 venerabilem
893 1551 1021 1628 patrem
1038 1569 1137 1612 sacrae
1153 1549 1274 1614 theolo-

123 1653 186 1738 giae
209 1650 418 1735 professorem
442 1650 635 1736 magistrum
657 1650 851 1716 Ludovicum
875 1650 996 1730 Fuchs,
1030 1653 1172 1737 priorem
1204 1660 1299 1739 tunc

123 1756 369 1842 predicatorum
391 1754 424 1820 in
441 1753 547 1834 Ulma,
571 1757 660 1821 cuius
682 1756 814 1821 consilio
837 1760 869 1821 et
890 1778 985 1841 opera
1008 1758 1097 1842 prius
1121 1757 1275 1824 reforma·

124 1867 236 1927 verant
258 1866 447 1927 conventum
472 1861 714 1947 predicatorum
750 1883 820 1926 oum
844 1862 946 1927 multa
978 1884 1064 1947 pace.
1117 1864 1273 1951 ¹Accepto

125 1970 231 2033 autem
255 1966 387 2032 oonsilio
410 1972 442 2033 et
458 1967 590 2032 obtenta
613 1989 731 2051 apapa
754 1967 842 2031 bulla
857 1967 1094 2033 reformationis
1112 1971 1273 2035 amborum

124 2072 391 2138 monasteriorum
413 2093 497 2137 anno
521 2071 641 2135 domini
668 2071 752 2136 1484
775 2094 855 2156 opus
879 2072 1021 2156 aggressi
1052 2059 1129 2137 sunt
1159 2074 1274 2139 domini

129 2175 295 2244 Ulmenses
318 2161 388 2242 oum
412 2177 515 2242 multa
538 2178 720 2264 sagacitate.
767 2176 946 2242 Studebant
968 2178 1053 2241 enim
1076 2182 1153 2243 ante
1176 2180 1274 2262 operis

18 2280 365 2380 ,g?¹f;,ipoh0uti0nem
381 2285 482 2347 totam
504 2281 566 2346 sibi
582 2281 743 2347 attrahere
765 2281 1036 2360 communitatem,
1060 2287 1098 2348 ut
1114 2283 1273 2349 dominum

125 2389 286 2453 doctorem
309 2387 502 2472 magistrum
524 2386 711 2452 Heinrioum
732 2386 869 2452 Nithart
891 2388 1079 2473 plebanum,
1104 2393 1136 2454 et
1160 2391 1272 2456 clerum

125 2515 162 2559 ac
184 2493 350 2578 religiosos
373 2496 406 2558 et
429 2493 601 2578 magistros
624 2492 808 2557 zunftarum
830 2492 863 2558 et
885 2515 994 2558 omnes
1016 2495 1101 2558 cives
1126 2517 1163 2559 ac
1187 2496 1273 2560 nunf-

123 2598 222 2677 tales,
255 2602 287 2662 et
311 2598 370 2662 hoc
393 2598 478 2662 facto
511 2598 744 2663 advocaverunt
775 2599 891 2664 fratres
914 2599 1052 2664 minores
1075 2599 1272 2680 reformatos,

124 2703 232 2788 eisque
260 2707 451 2769 conventum
481 2704 515 2768 in
538 2703 666 2768 civitate
688 2704 907 2783 tradiderunt,
931 2708 964 2769 et
986 2704 1065 2769 alios
1089 2727 1156 2769 non
1179 2706 1275 2771 refor-

71 2815 74 2820 ’
124 2813 227 2873 matos
258 2808 384 2893 penitus
408 2814 498 2873 extra
527 2812 719 2874 conventum
749 2813 782 2873 et
803 2808 966 2873 civitatem
990 2808 1192 2893 expulerunt.
1236 2811 1276 2876 Et

125 2913 183 2977 illa
206 2913 343 2977 fratrum
366 2912 551 2979 reformatio
574 2912 798 2978 difficultatem
822 2913 946 2993 habuit,
970 2914 1023 2978 sed
1039 2936 1184 2998 parvam,
1208 2916 1276 3000 quia

124 3039 215 3102 paene
237 3038 365 3097 omnes,
398 3019 453 3103 qui
484 3019 680 3084 reformandi
709 3017 845 3083 fuissent
874 3024 1089 3099 recesserrmt,
1123 3021 1170 3085 ita
1198 3021 1276 3108 quod

125 3122 312 3188 reformatio
341 3122 404 3187 fuit
426 3146 589 3188 murorum
622 3128 654 3189 et
677 3125 807 3203 domna,
840 3147 905 3189 non
934 3124 1088 3206 fratrum,
1122 3127 1200 3211 quia
1220 3127 1276 3211 ipsi

126 3228 349 3294 reformatores
381 3232 473 3293 erant
505 3229 566 3293 loci
597 3233 725 3294 tantum
756 3252 952 3314 possessores
985 3236 1016 3296 et
1045 3254 1111 3297 non
1143 3232 1277 3297 fratrum

126 3333 359 3398 reformatores.
406 3330 592 3399 Reformato
628 3338 735 3399 autem
758 3341 917 3401 conventu
940 3337 1078 3401 fratrum
1109 3338 1221 3404 statim
1242 3339 1277 3403 ad

128 3438 365 3503 reformandum
387 3460 510 3504 sorores
534 3444 624 3504 extra
647 3440 680 3504 in
705 3438 867 3526 Seflingen
899 3464 1031 3506 manum
1053 3448 1276 3528 apposuerunt.

127 3547 160 3608 et
171 3542 314 3627 quiahoc
323 3543 467 3623 arduum,
481 3543 673 3607 laboriosum
686 3548 719 3608 et
727 3545 938 3628 periculosum
950 3551 1029 3625 erat,
1041 3551 1279 3633 assumpserunt

105 3655 233 3711 'secum
256 3648 364 3731 plures
389 3648 472 3713 viros
495 3649 603 3713 doctos
627 3653 659 3712 et
681 3653 844 3732 expertos,
868 3650 1034 3734 religiosos
1058 3656 1092 3716 et
1114 3654 1276 3730 seculares,

4 3828 7 3833 .
89 3802 92 3806 .
128 3756 160 3816 et
191 3752 388 3817 consiliarios
418 3752 540 3817 domini
572 3752 753 3817 Eberhardi
785 3755 823 3818 de
848 3753 1072 3839 Wirtenberg,
1109 3761 1143 3821 et
1178 3758 1279 3842 plures

128 3856 250 3921 nobiles
280 3856 428 3922 affectum
456 3856 534 3922 boni
564 3857 727 3923 hahentes.
774 3858 826 3924 Sic
858 3881 935 3945 ergo
968 3861 1090 3924 domini
1113 3860 1278 3928 Ulmenses

127 3960 261 4047 stipati²
276 3962 459 4027 doctoribus
471 3962 629 4048 religiosis
641 3962 836 4028 diversorum
851 3964 1008 4044 ordinum,
1025 3965 1201 4045 nobilibus,
1218 3967 1279 4032 suia

127 4065 309 4132 concivibus
325 4070 358 4131 et
372 4066 568 4131 znnftalibus
584 4068 715 4131 armatis
731 4071 763 4133 et
774 4069 984 4134 communiter
995 4071 1120 4135 vestitis
1137 4071 1279 4137 exierunt

696 4202 714 4242 lt

199 4307 360 4365 lDifficilis
378 4306 542 4364 reformatio
560 4305 700 4378 Sellingen
718 4308 792 4363 Mon.
819 4310 841 4363 1.
869 4325 916 4362 am
935 4308 1030 4364 rande.
1121 4311 1277 4382 2stipatns

131 4396 266 4466 umringt,
286 4396 431 4466 hegleitet.
458 4395 511 4451 cic.
891 4422 893 4425 ·
