2806 4964
680 317 742 384 150

132 497 180 558 est
203 493 373 557 comitatus
391 491 528 577 Albegg‚
553 493 749 575 possessione
765 491 925 576 quondam
940 490 1118 556 illustrium
1136 494 1289 558 comitum

132 599 169 662 de
201 597 400 684 Werdaberg
430 598 563 675 nobilis,
598 620 691 682 quem
714 619 798 660 nuno
819 595 987 662 Ulmenses
1020 598 1217 665 aristodiunt.
1256 599 1286 662 in

135 706 226 787 parte
249 702 448 767 meridionali
471 703 586 766 ducum
609 702 749 767 Austriae
773 705 820 766 est
844 701 1013 766 comitatus
1034 701 1221 790 Kirohberg
1244 704 1286 766 ri-

37 790 224 871 ai⁰¹iincinus
247 805 462 884 UlmensibuS‚
487 806 576 868 ouius
599 805 728 869 termini
744 829 853 870 eorum
876 807 1021 871 terminis
1044 811 1121 872 sunt
1135 809 1285 873 intricati.

133 912 165 974 in
189 914 280 995 parte
303 909 490 975 occidentali
514 911 629 973 ducum
650 911 787 975 Austriae
811 916 859 976 est
874 913 1044 976 comitatus
1059 911 1283 999 Schelklingen

135 1020 167 1081 et
187 1016 321 1081 baronia
337 1014 509 1102 Justingen
528 1015 561 1079 in
578 1037 641 1100 qua
657 1017 791 1081 barones
806 1017 933 1102 imperii
948 1018 1067 1081 domini
1085 1018 1124 1082 de
1138 1017 1284 1084 Stefflin¹

133 1121 253 1186 habent
286 1121 507 1197 residentiam,
543 1143 613 1205 qnae
648 1121 764 1185 finibus
798 1122 999 1187 Ulmensium
1030 1122 1222 1208 iunguntur.
1256 1124 1283 1187 in

134 1231 225 1309 parte
241 1231 347 1290 autem
364 1225 543 1309 aquilonari
559 1230 607 1290 est
627 1225 796 1291 comitatus
813 1226 996 1312 Ruggensis
1011 1228 1097 1292 inter
1112 1228 1282 1293 Burronem

135 1335 167 1394 et
191 1329 373 1408 Gerhusen‚
408 1334 440 1393 et
462 1328 595 1392 ulterius
624 1329 726 1413 magis
748 1329 783 1392 in
814 1330 996 1414 aquilonem
1027 1332 1217 1398 declinando
1244 1337 1286 1397 est

136 1436 305 1500 comitatus
327 1434 506 1499 Heliastein
525 1433 736 1514 dimensium,
760 1435 794 1498 in
821 1459 883 1519 quo
899 1439 1005 1500 tamen
1024 1437 1146 1501 domini
1162 1439 1286 1503 comites

137 1542 174 1605 de
207 1540 385 1604 Heliastein
419 1541 556 1603 resident
586 1540 616 1602 in
651 1540 863 1604 munitissima
896 1563 967 1606 arce
995 1541 1176 1628 Hiltaburg
1210 1544 1286 1608 inter

138 1643 337 1731 (ieisslingen
368 1649 401 1708 et
433 1643 629 1728 Wisastaig‚
661 1643 778 1728 oppida
809 1645 886 1708 dicti
926 1647 1105 1714 comitatus.
1162 1648 1214 1712 Ex
1241 1648 1287 1712 his

138 1749 274 1814 habetur
297 1750 435 1813 conflata
458 1771 552 1812 aurea
575 1769 692 1812 corona
715 1770 786 1812 cum
810 1747 887 1813 liliis
915 1773 971 1834 per
999 1773 1118 1836 gyrum
1150 1753 1285 1818 civitatis

139 1854 309 1919 Ulmensis.
356 1853 416 1918 Sed
432 1855 514 1918 sicut
529 1875 646 1917 corona
661 1875 756 1917 aurea
772 1857 899 1918 tantum
915 1876 979 1919 non
994 1862 1165 1940 reputatur
1181 1862 1286 1922 ornata

140 1965 171 2022 et
193 1961 341 2043 pretiosa,
365 1960 427 2022 nisi
450 1980 583 2043 gemmae
606 1959 635 2023 ei
651 1959 716 2023 sint
736 1959 863 2023 insertae
887 1964 918 2024 et
933 1963 1118 2046 margaritae
1136 1964 1284 2047 pretiosa,

140 2066 184 2128 sic
207 2087 263 2129 neo
285 2065 455 2149 praedictus
478 2064 613 2128 circulus
637 2064 770 2127 seculari
794 2063 964 2130 nobilitate
986 2088 1101 2131 aureus
1118 2068 1199 2133 satis
1221 2084 1288 2152 pref

139 2171 240 2234 tiosus
257 2174 288 2234 et
306 2170 435 2234 decorus
450 2168 598 2249 habetur,
621 2169 684 2233 nisi
706 2170 841 2254 gemmis
857 2170 1032 2254 spiritualis
1048 2172 1186 2237 dominii
1201 2196 1284 2239 orna·

40 2277 43 2282 ’
140 2282 236 2355 retur,
253 2280 290 2340 ut
305 2299 421 2341 corona
436 2297 531 2339 aurea
545 2279 626 2340 esset
642 2275 734 2361 signo
750 2275 930 2340 sanctitatis
945 2298 1102 2360 expressa.
1150 2276 1190 2342 In
1206 2281 1283 2362 parte

35 2384 217 2467 mfflpergo
240 2380 388 2445 orientali
410 2381 567 2464 praedictae
591 2403 715 2446 coronae
743 2382 881 2447 emicant
910 2403 1043 2467 gemmae
1065 2381 1282 2469 Roggaburg'

92 2567 94 2570 ι
141 2494 173 2553 et
195 2485 361 2572 Ursperg³
385 2487 505 2552 ordinis
527 2485 892 2571 praemonstratensinm‚
924 2508 1059 2570 quorum
1087 2487 1227 2571 primum
1250 2487 1281 2551 ab

142 2593 274 2677 antiquo
298 2593 357 2656 sub
380 2593 482 2656 tutela
497 2591 700 2657 Ulmensium
723 2592 786 2656 fuit
805 2615 903 2676 usque
919 2592 956 2656 ad
973 2592 1126 2657 moderna
1142 2598 1280 2678 tempora

142 2694 216 2759 Dux
239 2697 323 2760 enim
345 2696 491 2760 Bavariae
516 2695 671 2782 Georgius
694 2696 923 2762 monasterium
945 2719 1017 2762 cum
1043 2697 1111 2762 eius
1134 2697 1279 2764 territorio

143 2801 278 2880 invasit,
306 2806 339 2865 et
365 2800 427 2865 sibi
454 2802 560 2867 iurare
582 2803 753 2886 compulit,
784 2804 823 2867 de
852 2825 915 2887 quo
946 2802 1033 2867 infra
1061 2803 1187 2869 dicetur
1209 2801 1278 2869 etin

123 2904 291 2969 chronica
322 2904 533 2972 Ulmensium.
589 2907 649 2972 Est
678 2908 775 2972 etiam
804 2908 850 2973 ibi
890 2897 1129 2973 Wettalrusen⁴
1168 2906 1279 2974 canoni·

143 3032 251 3074 eorum
285 3010 482 3095 regularium
514 3016 546 3076 et
568 3013 794 3078 Ettlistetten⁶
825 3013 1015 3078 feminarum
1039 3015 1278 3091 ¹canonissarum.

144 3119 197 3182 sed
221 3120 253 3181 et
282 3117 446 3200 episcopus
476 3122 508 3182 et
541 3119 683 3182 canonici
714 3121 853 3183 civitatis
886 3119 1101 3204 Augustensis
1133 3123 1167 3184 et
1196 3120 1279 3184 clerus

144 3222 246 3287 multa
268 3222 302 3286 in
332 3225 422 3305 parte
451 3222 511 3286 hac
533 3222 669 3302 habent,
703 3228 736 3288 et
769 3225 894 3309 insigne
924 3225 1155 3290 monasterium
1185 3223 1280 3290 Otten·

145 3327 270 3391 biiren⁶
294 3325 413 3390 ordinis
436 3328 537 3391 saneti
562 3327 727 3393 Benedicti
748 3328 823 3393 huic
845 3328 983 3393 cohaeret
1006 3329 1150 3414 regioni,
1175 3329 1212 3394 de
1231 3345 1280 3411 quo

145 3432 231 3497 infra
254 3431 342 3496 venit
357 3430 532 3496 dicendum.
580 3431 730 3517 Gyrando
746 3438 973 3516 consequenter
989 3433 1022 3497 in
1045 3434 1195 3499 orientali
1208 3434 1283 3519 parte

147 3559 270 3602 coronae
281 3537 320 3600 ad
332 3535 476 3599 dextram
488 3538 639 3601 vertendo
649 3539 776 3602 vultum
788 3543 899 3603 contra
910 3537 1041 3603 Ulmam
1056 3542 1090 3603 et
1106 3535 1282 3605 transeundo

148 3643 234 3706 ultra
254 3641 441 3706 Danubium
464 3643 601 3707 occurrit
618 3643 651 3706 in
667 3644 733 3709 acie
749 3643 991 3729 septentrionali
1007 3645 1175 3732 egregium
1189 3665 1284 3712 mona·

715 3769 733 3808 a

221 3863 371 3920 lStefflen
392 3866 468 3922 Mora
487 3869 508 3923 1.
530 3866 590 3921 Sch.
609 3867 696 3923 Wibl.
716 3867 796 3924 Gold.
815 3870 855 3922 ut.
893 3867 1006 3922 Stefflin
1025 3868 1069 3922 Kl.
1151 3870 1286 3938 2Rogga·

149 3954 222 4024 burg
234 3954 308 4009 Mon.
325 3958 345 4009 1.
365 3955 444 4010 Gold.
458 3961 506 4019 nt,
527 3957 627 4011 ostlieh
642 3976 695 4013 von
709 3957 907 4015 Weissenhorn.
944 3959 960 4010 3
973 3957 1115 4026 Urspring
1128 3957 1182 4011 hat
1200 3954 1287 4011 salah·

44 4107 46 4111 ¹
149 4042 205 4095 lieh
223 4041 307 4096 Wibl.
347 4042 469 4112 Ursberg
486 4044 638 4098 stiddstlieh
658 4063 712 4101 von
739 4045 943 4115 Roggenburg,
973 4062 1009 4098 an
1035 4044 1085 4099 der
1113 4043 1228 4099 Mindel.
1274 4041 1288 4094 4

149 4129 336 4186 Wettahusen
349 4129 422 4185 Mon.
442 4132 465 4185 1.
485 4130 565 4189 Gold.
579 4134 619 4186 ut.
656 4133 885 4187 Wethenhausen
903 4132 963 4186 Seh.
983 4131 1029 4185 Kl.
1065 4130 1286 4190 Wettenhausea

151 4236 188 4272 an
202 4219 251 4273 der
264 4217 409 4286 Kamlaeh‚
429 4220 607 4274 stidwestlioh
625 4236 682 4274 von
695 4220 817 4288 Burgau.
871 4221 886 4274 5
901 4220 1088 4285 Edelstetten‚
1107 4215 1287 4274 frauleimtiit

151 4324 198 4359 am
216 4308 400 4363 Haselbach.'
466 4307 675 4376 60ttobeyren
693 4307 781 4363 Wibl.
816 4306 974 4363 Ottobitren
993 4308 1085 4362 Sohm.
1122 4307 1285 4362 Ottenburen

152 4396 225 4450 Mon.
246 4396 269 4449 1.
289 4395 606 4460 Gold.ut.‚si”1d6stlich
628 4413 681 4452 von
700 4396 890 4466 Memmingen
908 4414 945 4450 an
963 4396 1012 4451 der
1030 4395 1194 4451 westliohen
1211 4393 1285 4448 (iuna
