2806 4964
686 339 727 402 62

133 515 298 580 interiecto
322 520 462 598 tempore
484 538 503 577 a
525 513 719 579 desolatione
734 513 849 593 Troiae,
876 512 1083 598 Carthaginis
1108 518 1140 579 et
1166 512 1283 596 Romae,
1386 547 1400 580 ;-,

133 619 180 683 ita
204 620 287 704 quod
311 641 394 683 nuno
418 619 508 703 quasi
532 617 612 680 nulli
635 619 758 683 nobiles
780 618 815 682 in
837 618 1020 683 civitatibus
1044 623 1077 683 et
1099 623 1192 683 extra
1215 642 1283 683 suas
1389 632 1393 638 '

133 723 238 789 sciunt
260 748 318 809 pro
352 730 437 789 oerto
462 723 619 807 origines,
651 724 713 788 nisi
736 724 828 808 pauai
852 724 890 788 de
912 723 1103 804 maioribus,
1133 728 1172 789 ut
1194 726 1283 791 duces
1397 734 1401 749 ²

133 834 165 895 et
187 830 330 895 barones.
1269 897 1272 902 ⁴

223 933 357 1000 Secundi
378 935 501 999 nobiles
533 935 616 999 aives
639 939 714 1000 sunt
746 936 801 1021 qui
824 934 942 1000 relictis
968 925 1080 999 castris
1104 938 1136 999 et
1159 934 1285 1000 babita-

133 1041 213 1104 culis
245 1041 485 1125 progenitorum
517 1062 646 1105 suorum
677 1041 727 1105 vel
751 1045 881 1125 propter
910 1062 1042 1124 guerras
1072 1039 1125 1103 vel
1157 1045 1285 1124 propter

136 1146 267 1210 taedium
284 1145 463 1211 solitudinis
490 1146 541 1210 vel
563 1152 695 1230 propter
710 1147 867 1212 defectum
881 1146 1130 1229 necessariorum
1153 1146 1195 1209 ad
1209 1147 1284 1211 civi-

134 1255 215 1316 tates
230 1250 459 1336 migraverunt.
485 1252 686 1335 quamplures
702 1252 786 1316 enim
809 1251 873 1316 iam
888 1255 962 1317 actu
984 1275 1003 1317 a
1024 1251 1127 1316 multo
1142 1257 1284 1336 tempore

133 1357 166 1419 in
189 1354 287 1421 Ulma
310 1356 448 1440 degunt,
482 1379 617 1440 quorum
640 1362 745 1440 patres
778 1362 882 1422 castra
904 1357 1129 1440 possederunt,
1162 1358 1284 1443 dequo

134 1461 229 1526 hodie
252 1461 360 1526 literas
384 1465 529 1544 patentes
553 1462 733 1540 ostendunt,
756 1462 810 1526 sed
834 1461 926 1526 bellis
943 1462 1057 1527 aretati
1079 1466 1112 1527 et
1133 1463 1237 1528 eoacti
1252 1463 1285 1528 in

134 1567 278 1631 civitates
295 1567 518 1650 confugerunt,
541 1567 648 1652 sicque
664 1567 775 1632 castris
798 1567 934 1632 incensis
959 1571 991 1632 et
1005 1567 1177 1632 destruetis
1199 1567 1281 1632 civili

124 1671 218 1736 'vitae
240 1694 272 1735 se
288 1671 492 1738 contulerunt
514 1677 546 1737 et
569 1695 713 1738 successu
729 1671 881 1756 temporis
897 1695 953 1756 per
969 1672 1073 1737 varios
1096 1694 1189 1738 casus
1204 1673 1284 1738 titu-

133 1779 181 1840 los
205 1798 268 1840 suae
290 1776 499 1860 ingenuitatis
522 1778 712 1857 amiserunt,
746 1778 904 1862 praeeipue
926 1799 983 1861 per
1003 1778 1164 1843 connubia
1187 1779 1284 1843 rusti-

136 1904 224 1945 cana.
271 1881 339 1945 Alii
362 1882 457 1946 etiam
474 1883 512 1947 de
535 1882 708 1948 maioribus
724 1881 885 1947 nobilibus
901 1882 1016 1947 arctati
1030 1882 1126 1948 bellis
1151 1886 1184 1948 et
1198 1886 1284 1949 metu

137 1987 269 2052 alicuius
292 1989 381 2068 moti,
405 1989 455 2052 vel
478 2011 594 2069 amore,
619 1993 676 2052 aut
698 1987 847 2066 amicitia,
871 1987 1025 2053 habentes
1048 1987 1148 2052 fortia
1171 1992 1283 2070 eastra,

134 2093 369 2176 acquisiverunt
392 2093 453 2157 sibi
476 2094 650 2178 obsequiiS,
685 2098 741 2158 aut
764 2094 858 2158 certis
880 2094 1019 2174 meritis,
1050 2098 1107 2159 aut
1128 2095 1233 2179 pactis
1255 2098 1285 2159 et

134 2198 377 2277 conditionibus,
402 2197 518 2262 civium
542 2198 674 2263 alieuius
698 2200 828 2264 famosae
851 2203 883 2263 et
904 2198 965 2263 sibi
986 2200 1188 2284 propinquae
1209 2199 1284 2265 eiri-

134 2303 211 2367 tatis
226 2304 375 2387 gratiam,
400 2306 431 2367 et
448 2303 610 2388 civilegia¹
634 2305 802 2388 accipiunt,
827 2326 923 2369 onera
939 2307 971 2368 et
992 2305 1063 2368 iura
1079 2298 1286 2389 municipalia
1353 2338 1377 2356 -

135 2408 281 2488 subeunt,
305 2412 337 2473 et
353 2409 469 2473 civium
492 2408 668 2493 privilegiis
684 2409 810 2473 auxiliis
833 2413 865 2473 et
885 2410 1117 2495 praerogativis
1133 2411 1285 2496 gaudent.
1352 2448 1377 2461 α

134 2534 190 2577 neo
212 2535 269 2596 per
292 2513 351 2577 hoe
373 2514 532 2577 tolluntur
554 2512 598 2577 eis
622 2513 791 2598 priuilegia
821 2514 1019 2594 nobilitatis,
1054 2515 1109 2580 sed
1142 2517 1287 2601 utrisque
1329 2525 1380 2565 2⁸³

135 2618 275 2700 gaudent
298 2618 343 2700 (ff.
381 2618 516 2702 [digest]
550 2619 588 2682 de
612 2616 731 2683 Senatu
762 2620 957 2704 senatorum)
981 2642 1037 2704 per
1068 2621 1286 2686 autoritatem.
1329 2655 1381 2675 a

134 2721 245 2786 Potest
276 2745 353 2808 ergo
383 2723 500 2787 nobilis
523 2723 646 2788 civitati
670 2724 764 2788 alicui
791 2726 1007 2809 incorporari,
1041 2726 1130 2791 salvo
1163 2748 1289 2812 semper
1307 2734 1384 2781 ’.3

133 2826 356 2910 imperatoriae
387 2829 562 2893 maiestatis
596 2829 674 2893 iure.
719 2829 764 2893 Et
795 2831 902 2895 taliter
924 2832 988 2896 fuit
1019 2832 1098 2898 civis
1120 2833 1387 2899 Romanus&

135 2936 262 2996 sanetus
278 2932 403 3013 Paulus,
428 2939 463 2998 ut
486 2935 621 3000 habetur
636 2933 708 3000 Aet.
735 2933 809 3000 ld.2
834 2935 879 3019 (et
901 2940 938 3002 ut
960 2937 1079 3023 legitur
1101 2943 1134 3004 et
1156 2943 1391 3005 notatur!

135 3036 200 3119 dig.
220 3038 259 3102 10
276 3038 303 3101 si
319 3039 352 3101 in
368 3039 560 3104 adiutorium
584 3089 591 3104 .
617 3039 677 3123 .⁸),
702 3041 778 3124 quia
793 3046 861 3106 erat
876 3042 993 3107 nobilis
1008 3065 1135 3128 genere,
1159 3050 1197 3109 ut
1213 3031 1394 3109 dieiffl

135 3141 241 3224 glossa
264 3143 303 3206 ad
326 3146 346 3208 2
370 3143 450 3208 Tim.
475 3144 531 3207 ult.
578 3143 824 3229 Transmigrant
840 3147 936 3210 etiam
960 3148 1083 3212 nobiles
1107 3149 1147 3212 de
1172 3147 1394 3213 castris&

135 3248 175 3311 ad
199 3248 343 3313 civitates
359 3253 489 3333 propter
504 3249 644 3313 taedium
660 3250 850 3331 solitudinis,
875 3253 959 3335 quod
976 3252 1096 3316 habent
1110 3253 1146 3316 in
1163 3254 1322 3333 eastris?
1345 3260 1401 3314 ὃ

134 3357 166 3417 et
189 3355 339 3419 solatium
355 3355 527 3434 societatis,
551 3357 635 3440 quod
658 3356 826 3421 inveniunt
848 3357 882 3419 in
897 3358 1092 3437 civitatibus,
1116 3363 1150 3424 et
1165 3359 1354 3424 ventri&
1362 3367 1403 3409 “

134 3458 437 3545 ingurgitationem,
473 3484 575 3545 quarn¹
599 3461 720 3525 habent
742 3462 775 3525 in
799 3462 957 3542 tabernis,
990 3467 1022 3527 et
1043 3464 1177 3546 propter
1210 3465 1335 3530 aliae
1396 3475 1403 3505 ⁵

134 3563 314 3647 voluptates
340 3568 379 3630 ad
403 3567 496 3631 urbes
519 3566 694 3644 confluunt,
717 3567 895 3650 postposita
910 3566 1036 3645 militia,
1059 3571 1096 3631 ut
1118 3568 1285 3635 imitant
1374 3584 1392 3611 ·

135 3667 251 3732 uirium
276 3670 362 3735 vitia.
409 3671 521 3736 Castra
544 3671 663 3734 enima
686 3671 852 3735 castrando
876 3676 951 3735 sunt
967 3671 1061 3749 diota,
1086 3673 1163 3755 quia
1181 3674 1222 3738 in
1245 3659 1398 3740 ersi?

137 3771 212 3834 olim
236 3774 303 3837 veri
326 3775 447 3839 nobiles
471 3776 550 3839 casti
575 3771 606 3839 et
621 3775 883 3841 testimonialiter
905 3776 938 3839 in
955 3776 1151 3841 abstinentia
1173 3778 1400 3864 volup-qr

135 3881 238 3942 tatum
261 3879 427 3958 vivebant,
461 3880 618 3947 exercitiis
640 3880 833 3944 militaribus
861 3880 1025 3945 instabant
1047 3901 1161 3959 eursu,
1193 3884 1384 3948 saleru-³

136 4005 195 4047 usu
211 3984 353 4063 natandi,
371 4007 467 4068 equos
484 3986 584 4071 agiles
594 3985 750 4066 faciendo,
766 3989 798 4050 et
810 3985 972 4050 venationi
984 3986 1152 4068 vacabant,
1170 3988 1402 4072 quibrvu

700 4127 718 4166 ’t

210 4239 223 4290 1
244 4234 378 4306 ciuilegia
391 4237 464 4291 uon.
477 4237 501 4290 a.
522 4234 620 4291 senaa.
634 4235 677 4289 ru.
690 4235 763 4290 aas.
781 4235 867 4290 11111.
880 4235 965 4292 uon.
999 4220 1153 4306 privilegia
1164 4230 1380 4292 suarza

135 4323 202 4381 Gok.
270 4325 285 4377 2
306 4325 365 4378 Aet.
390 4325 429 4388 16,
447 4325 481 4378 37
500 4322 556 4377 und
576 4323 618 4389 22,
637 4324 680 4377 25.
736 4326 752 4379 3
770 4323 800 4377 di
820 4325 852 4379 10
871 4323 900 4378 si
917 4323 948 4378 in
967 4322 1140 4380 adiutorium
1162 4324 1223 4380 Seh.
1242 4319 1366 4377 ffil.

135 4412 173 4466 di.
192 4429 231 4468 oo.
251 4412 324 4466 siin
343 4414 394 4467 eto.
415 4412 499 4468 Woll.
537 4410 601 4469 dist.
623 4414 655 4466 10
673 4430 732 4482 cap.
752 4411 823 4467 siin
842 4411 1013 4470 adiutorium
1032 4411 1154 4467 Schmid.
1172 4411 1325 4468 Wibl...
