2806 4964
748 306 791 371 54

281 479 395 559 Quarti
417 480 620 546 honorabiles
644 486 675 545 et
697 481 842 562 modesti,
866 504 923 564 per
947 503 1026 566 quos
1050 482 1194 548 consiliis
1209 485 1243 548 et
1258 484 1344 549 auxi·

193 589 244 653 liis
267 590 402 654 fovetur.

283 694 395 771 Quinti
417 692 633 778 negotiatores
657 694 689 756 et
704 690 835 775 experti,
860 713 915 777 per
938 714 1017 776 quos
1034 698 1267 776 augmentatur
1283 719 1344 773 111-

192 800 319 892 publica
342 804 373 865 et
396 798 591 864 delectabilis
615 796 766 861 redditur.

279 903 367 969 Sexti
383 904 580 968 laboratores
596 905 628 966 et
644 899 830 980 mechanici,
846 923 903 983 per
920 924 1000 986 quos
1016 904 1197 987 respublica
1213 928 1343 989 praeser·

192 1015 286 1075 vatur
309 1014 341 1073 et
363 1012 570 1074 restauratur.
662 1030 671 1051 =

263 1114 413 1199 'Septimi
436 1113 586 1192 forenses,
610 1111 803 1191 comitativi,
826 1133 883 1195 per
906 1135 985 1197 quos
1009 1115 1189 1198 respublica
1211 1120 1344 1182 ornatur

191 1225 224 1286 et
245 1222 420 1286 decoratur.

277 1327 338 1391 Est
361 1329 467 1390 autern
490 1323 625 1408 pulchra
646 1324 866 1389 concatenatio
891 1326 1034 1390 omnium
1055 1326 1183 1411 horum,
1209 1352 1343 1413 quorum

191 1432 287 1515 primi
320 1434 395 1495 sunt
417 1430 509 1514 quasi
540 1430 701 1514 glutinum
733 1451 842 1495 omnes
876 1436 1082 1514 connectens,
1116 1436 1250 1500 secundi
1272 1459 1343 1501 vero

191 1560 287 1621 supra
310 1537 421 1601 tertios
444 1537 477 1599 in
506 1535 676 1618 aliquibus,
700 1536 735 1599 in
757 1535 917 1620 aliquibus
933 1537 977 1602 eis
993 1543 1172 1624 aequantur,
1197 1540 1244 1605 sic
1259 1543 1343 1606 tertii

191 1665 288 1726 supra
310 1646 441 1726 quartos
464 1641 564 1706 etita
587 1645 824 1726 consequenter,
848 1647 885 1706 ut
907 1642 942 1706 in
964 1643 1100 1729 singulis
1123 1645 1260 1727 patebit.

706 1850 773 1920 Gap.
799 1851 822 1906 1.

414 1976 473 2040 De
506 1974 836 2040 sacerdotibus
870 1977 913 2039 in
947 1975 1114 2041 Ulma¹.

278 2169 460 2235 Sacerdotes
494 2171 528 2234 in
557 2171 645 2235 omni
676 2175 771 2255 gente
794 2175 826 2236 et
855 2170 888 2235 in
913 2142 1014 2235 omni*
1032 2175 1176 2257 tempore
1204 2175 1342 2258 supremi

191 2279 267 2340 sunt
289 2277 392 2340 habiti
415 2277 449 2341 in
471 2299 603 2341 numero
626 2277 794 2341 hominum
817 2282 849 2341 et
873 2277 965 2361 quasi
987 2277 1033 2340 dii
1048 2279 1199 2360 reputati,
1224 2302 1286 2364 pro
1307 2302 1341 2345 eo

190 2383 274 2466 quod
297 2385 372 2446 sunt
394 2381 490 2446 medii
511 2382 596 2446 inter
611 2382 714 2446 Deum
726 2386 770 2470 „et
788 2382 941 2466 populum
958 2383 1136 2462 constituti,
1160 2389 1197 2448 ut
1213 2389 1340 2451 sanctus

190 2485 329 2551 Thomas
353 2487 372 2550 3
395 2491 505 2571 parte,
529 2489 641 2570 quaest.
666 2487 708 2549 22
732 2491 791 2549 art.
826 2490 840 2549 1
874 2487 982 2551 habet.
1027 2485 1113 2551 Nam
1142 2496 1341 2555 sacramenta

190 2595 222 2655 et
244 2591 307 2655 alia
329 2591 438 2656 divina
458 2592 620 2677 mysteria,
645 2613 715 2675 quae
738 2595 813 2654 sunt
836 2591 904 2669 Dei,
930 2592 1048 2676 populo
1073 2592 1283 2675 ministrant,
1310 2599 1341 2660 et

190 2696 348 2760 orationes
371 2719 407 2760 ac
429 2696 617 2775 oblationes,
642 2717 712 2779 quae
734 2698 810 2759 sunt
832 2695 1009 2774 hominum,
1034 2695 1102 2760 Deo
1126 2697 1286 2781 offerunt,
1309 2703 1340 2764 et

189 2801 250 2865 hoc
273 2805 374 2886 agunt
395 2824 459 2865 non
491 2805 558 2865 tarn
582 2823 639 2885 pro
669 2785 896 2883 optimatibus,
914 2823 1024 2885 ¹quam
1054 2823 1111 2885 pro
1140 2802 1279 2869 infirmis
1309 2809 1339 2870 et

189 2906 389 2990 pauperibus
438 2905 530 2971 Unde
552 2928 616 2969 non
631 2904 839 2969 includuntur
855 2905 950 2969 alicui
966 2906 1112 2970 societati
1130 2908 1260 2991 civium,
1283 2931 1339 2974 1111

189 3015 265 3076 sunt
286 3009 459 3090 uunftales,
491 3011 544 3075 sed
574 3014 649 3075 sunt
679 3033 776 3093 supra
805 3010 1009 3075 instituentes
1033 3013 1158 3077 zunftas
1191 3017 1224 3078 et
1255 3015 1339 3079 infra

189 3114 371 3180 zunftarum
395 3116 547 3195 ordinem,
572 3115 814 3198 complectentes
830 3118 932 3178 totam
948 3117 1211 3183 communitatem
1226 3117 1250 3183 ².
1290 3118 1339 3185 Si·

189 3225 242 3285 cut
256 3220 344 3284 Deus
367 3224 415 3284 est
431 3219 537 3284 omnia
551 3219 585 3283 in
601 3219 758 3299 omnibus,
781 3241 839 3284 nec
861 3224 968 3285 tamen
983 3226 1033 3286 est
1046 3221 1167 3306 aliquid
1185 3225 1338 3306 omnium,

188 3350 245 3391 1111
267 3327 301 3390 11
324 3325 568 3410 praedicamento
583 3326 714 3411 ponitur
725 3323 746 3402 ³,
772 3326 816 3389 sio
832 3327 902 3409 pari
917 3328 1011 3391 modo
1034 3333 1109 3392 sunt
1124 3328 1184 3394 Dei
1200 3329 1338 3395 ministri

189 3433 375 3511 sacerdotes,
399 3453 478 3515 quos
502 3431 599 3514 elegit
623 3430 707 3494 Deus
730 3452 769 3493 ex
791 3431 948 3495 omnibus
994 3431 1088 3516 Unde
1116 3431 1289 3501 Deuteron.
1307 3436 1337 3500 ⁴:

188 3536 282 3621 Elegi
307 3560 360 3602 vos
384 3538 421 3602 de
443 3536 565 3601 cunctis
588 3534 735 3600 tribubus
758 3534 881 3599 Israhel
903 3541 940 3600 ut
963 3538 1072 3601 essetis
1095 3539 1167 3602 mei.
1210 3545 1338 3625 propter

189 3643 273 3725 quod
296 3665 315 3705 a
337 3643 491 3706 servitute
514 3647 545 3705 et
575 3645 733 3725 potestate
763 3641 953 3705 secularium
984 3643 1121 3726 exempti
1144 3647 1222 3708 sunt
1245 3649 1277 3710 et
1299 3647 1337 3711 ab

189 3747 275 3809 omni
298 3747 461 3832 exactione
483 3745 586 3825 liberi,
613 3746 694 3810 unde
717 3749 855 3830 augusta
877 3747 937 3810 hac
959 3745 1108 3811 libertate
1131 3747 1242 3813 donati
1265 3756 1338 3815 sunt

189 3851 271 3915 servi
295 3849 424 3930 Christi,
448 3855 485 3915 ut
507 3874 578 3917 cum
600 3852 634 3915 in
658 3852 843 3916 servitutem
866 3852 944 3931 Dei,
977 3853 1027 3916 cui
1057 3853 1175 3918 servire
1204 3876 1338 3941 regnare

189 3959 246 4035 est,
270 3955 389 4019 redacti
412 3955 549 4035 fuerint,
572 3957 612 4021 ab
635 3956 722 4020 omni
744 3957 810 4086 sint
832 3956 1012 4040 principum
1034 3957 1188 4024 servitute
1211 3962 1336 4045 penitus

259 4130 273 4182 l
294 4129 306 4182 I
326 4128 393 4184 ordo
413 4128 551 4183 Ulmensis
571 4129 668 4200 populi
687 4129 755 4184 Goh.
776 4131 804 4184 et
825 4130 897 4184 Bess.
917 4128 963 4184 arn
983 4131 1079 4186 rande.
1151 4133 1167 4185 2
1186 4133 1236 4190 Bei
1254 4135 1336 4191 Woll.

186 4215 259 4270 fehlt
277 4216 346 4270 alles
364 4215 496 4284 folgende
521 4215 563 4269 bis
590 4234 624 4269 zu
648 4216 711 4270 dem
739 4234 761 4270 o.
781 4217 814 4270 de
833 4216 981 4272 Nobilibus
1000 4218 1030 4271 in
1048 4217 1140 4273 Ulmo..
1232 4222 1336 4275 3statt

187 4303 303 4372 ponitur
322 4303 414 4358 haben
441 4303 531 4371 primo
557 4303 616 4356 Seh.
643 4304 686 4356 Kl.
714 4303 787 4358 Bess.
813 4303 897 4367 Gok.;
927 4305 1043 4374 ponitur
1068 4306 1120 4360 hat
1149 4307 1229 4363 nicht
1254 4308 1334 4362 Wibl.

188 4393 204 4444 4
224 4391 274 4445 Die
293 4392 374 4447 stelle
391 4393 429 4445 ist
448 4391 530 4445 Deut.
549 4391 590 4455 18,
610 4395 625 4445 5
645 4392 710 4445 oder
730 4394 772 4455 21,
791 4393 815 4448 5.
