2806 4964
583 330 590 461 Ἰ
683 359 746 424 154

137 534 240 613 datus,
264 555 322 599 nec
344 536 435 618 patet
458 533 605 616 cuiquam
629 532 783 597 transitus
799 534 834 597 in
858 534 925 598 eius
950 555 1109 612 cacumen,
1134 531 1199 597 nisi
1221 555 1289 598 con·

139 639 297 706 scenderit
319 640 357 703 de
381 639 488 722 aliqua
513 639 603 702 valle.
651 638 816 702 mediocris
839 641 944 702 tamen
969 642 1017 703 est
1049 638 1116 703 eius
1147 639 1289 718 altitude,

138 768 203 809 non
245 744 344 809 nimia
386 743 570 806 celsitudine
604 742 752 807 taediosus
785 746 851 822 est,
892 765 949 807 nec
983 736 1169 808 remissione
1199 743 1293 810 nimia

139 852 313 934 despectus.
360 853 392 913 et
415 847 560 932 quamvis
590 868 653 910 non
677 847 721 911 sit
749 848 923 912 altissimus
956 848 1039 914 mole
1067 849 1217 932 propria,
1250 853 1292 927 est

139 959 246 1018 tamen
269 953 409 1018 excelsus
433 954 523 1017 valde
553 953 724 1030 situations
755 954 905 1037 regionis.
953 956 1035 1019 unde
1064 978 1084 1019 a
1106 977 1293 1040 quacunque

140 1060 237 1143 plaga
259 1058 421 1122 venientes
453 1060 563 1121 contra
594 1060 736 1122 montem
767 1059 875 1133 illum,
903 1059 1015 1143 procul
1048 1059 1115 1124 eius
1147 1081 1292 1125 cacumen

140 1164 249 1228 vident
271 1163 394 1227 cunctis
428 1162 514 1226 illius
538 1163 677 1246 regionis
711 1164 945 1247 supereminere
976 1165 1149 1229 montibus.
1198 1164 1293 1228 Totus

66 1317 75 1346 „
140 1291 231 1333 mons
255 1268 309 1332 ille
332 1267 513 1352 uliginosus
546 1271 595 1332 est
621 1272 654 1332 et
675 1269 882 1353 spongiosus,
916 1270 1134 1354 desudantque
1158 1271 1293 1355 undiquc

141 1397 231 1458 aquae
254 1396 292 1438 ex
312 1396 359 1451 eo,
383 1395 462 1456 quas
485 1373 524 1437 ab
548 1373 612 1436 imo
637 1373 773 1438 attrahit
789 1375 823 1437 in
848 1396 1040 1459 supremum.
1086 1375 1132 1438 Et
1147 1375 1293 1441 videtur¹

141 1479 333 1564 imaginanti
356 1478 439 1562 quod
463 1501 501 1542 ex
524 1479 614 1562 aquis
638 1484 827 1564 consurgat,
861 1481 1043 1564 radicesque
1065 1503 1139 1545 suas
1162 1481 1198 1544 in
1223 1481 1291 1544 sub·

142 1584 295 1648 terraneis
312 1586 402 1666 aquis
417 1583 498 1646 fixas
514 1581 631 1647 habeat
647 1587 679 1646 et
694 1587 793 1648 tantae
809 1584 902 1649 molis
918 1585 1061 1670 gravitas
1079 1586 1171 1670 aquis
1188 1609 1292 1669 super·

141 1691 239 1754 natet.
285 1687 379 1752 Unde
395 1688 471 1772 quia
495 1711 585 1752 mons
601 1688 750 1753 humidus
766 1693 823 1767 est,
847 1689 1028 1754 foecundam
1043 1691 1143 1754 habet
1158 1690 1290 1775 glebam,

144 1794 302 1876 praecipue
325 1816 394 1857 cum
420 1794 458 1857 ad
483 1793 544 1857 hoc
565 1793 683 1858 habeat
706 1793 782 1858 solis
806 1798 838 1858 et
868 1794 1003 1859 aliorum
1035 1795 1176 1860 siderum
1207 1797 1291 1859 valde

46 1877 130 1957 rifl‘b
143 1899 320 1983 gratiosum
343 1899 534 1982 adspectum,
559 1903 592 1961 at
614 1898 695 1961 nulli
719 1899 850 1963 dubium
873 1898 951 1983 quin
974 1903 1048 1963 ante
1075 1899 1244 1965 hominum
1263 1900 1291 1964 in

143 2004 212 2068 lucc
234 2003 467 2067 habitationem
489 2002 587 2066 fuerit
616 2025 706 2067 mons
739 2003 794 2068 ille
815 2003 1000 2087 ingentibus
1023 2003 1153 2069 ilicibus
1176 2007 1289 2090 plenus.

143 2108 267 2175 Excisis
292 2113 398 2172 autem
421 2108 587 2173 arboribus
610 2109 762 2192 produxit
783 2109 900 2173 humus
916 2109 1033 2174 diversi
1055 2112 1183 2194 generis
1200 2111 1288 2176 medi·

144 2213 261 2278 cinales
283 2213 398 2278 herbas
422 2217 454 2277 et
471 2212 659 2277 aromaticas
682 2211 854 2296 plantulas.
901 2236 975 2277 nam
997 2214 1091 2278 hodie
1107 2214 1288 2279 herbariiin

143 2318 297 2383 lateribus
327 2319 445 2382 montis
478 2318 566 2381 illius
597 2322 745 2400 quaerunt
777 2317 897 2382 radices
927 2319 1085 2383 virtuosae
1120 2323 1153 2384 et
1184 2319 1288 2385 herbas

145 2422 319 2487 odoriferas
336 2445 393 2507 pro
412 2445 567 2506 aquarum
581 2421 819 2486 medicinalium
834 2422 1048 2488 destillatione
1063 2428 1096 2488 et
1112 2424 1286 2490 balneorum

145 2528 342 2593 confectione
373 2531 406 2592 et
427 2528 669 2612 'unguentorum
703 2526 940 2610 compositione.
987 2527 1072 2593 Nam
1103 2553 1141 2594 ea
1169 2530 1287 2616 quaein

146 2633 275 2698 remotis
299 2637 331 2697 et
353 2632 463 2697 calidis
488 2631 671 2716 regionibus
695 2637 861 2709 crescunt,
890 2633 937 2698 ibi
963 2634 1193 2715 inveniuntur,
1226 2635 1287 2722 quia

146 2739 241 2824 gleba
272 2737 390 2802 montis
423 2737 510 2801 illius
533 2738 659 2801 videtur
689 2737 847 2823 singulari
879 2739 1016 2822 quadam
1044 2739 1287 2828 foecunditates

148 2843 310 2908 conditore
332 2843 560 2927 impraegnata:
583 2841 629 2905 ibi
653 2865 706 2906 aer
722 2843 871 2923 serenior,
894 2848 980 2908 terra
1003 2843 1196 2927 foecundior,
1219 2868 1287 2932 aqua

148 2949 254 3012 sanior
286 2952 318 3012 et
346 2948 431 3033 ignis
459 2948 691 3030 quodammodo
725 2949 840 3014 clarior
869 2951 1005 3015 rutilans
1033 2951 1207 3018 invenitur.
1248 2949 1287 3016 Ibi

148 3075 213 3119 non
235 3051 338 3118 solum
366 3055 456 3115 terrae
490 3053 655 3117 nascentia
686 3058 798 3137 sponte
820 3056 931 3140 genita
952 3056 1077 3136 valent,
1111 3059 1167 3122 sed
1197 3057 1288 3124 omnia

80 3177 82 3183 ·
147 3160 302 3243 plantata,
326 3158 482 3222 seminata
504 3161 536 3221 et
557 3157 661 3221 locata
685 3157 812 3223 uberius
835 3160 1027 3226 fructificare
1058 3167 1196 3228 constat.
1240 3159 1288 3228 Sed

149 3269 180 3329 et
203 3264 353 3328 animalia
375 3262 422 3326 ibi
437 3267 589 3348 generata
611 3263 791 3328 robustiora
806 3269 838 3330 et
852 3267 974 3330 cariora
989 3271 1073 3347 sunt,
1098 3268 1289 3353 et'praecipue

150 3370 224 3454 equi
247 3371 324 3434 adeo
347 3368 424 3432 boni
447 3372 479 3432 et
501 3366 600 3431 fortes
622 3366 669 3431 ibi
692 3368 884 3453 gignuntur,
916 3375 952 3436 ut
983 3371 1143 3455 principes
1167 3373 1290 3456 alonge

149 3472 271 3558 positi²
296 3498 314 3538 a
337 3474 405 3538 loco
428 3472 484 3537 illo
500 3471 561 3536 sibi
577 3472 664 3536 mitti
687 3496 783 3557 equos
798 3480 977 3558 procurent,
1002 3481 1058 3541 aut
1081 3472 1290 3565 aregionibus

150 3580 214 3643 suis
236 3579 372 3645 mittunt
395 3601 491 3663 equas
514 3579 548 3641 in
580 3578 701 3657 locum,
730 3584 768 3644 ut
799 3579 845 3642 ibi
868 3580 997 3645 nutritae
1026 3585 1059 3646 et
1084 3581 1291 3669 impraegnata

151 3684 260 3769 genita
283 3684 446 3768 recipiant.
493 3682 647 3748 Similiter
668 3707 788 3764 vaccae,
811 3685 905 3763 tauri,
930 3707 1022 3766 oves,
1055 3688 1190 3771 porcelli
1212 3690 1290 3765 lacte,

151 3787 292 3867 foetibus,
316 3811 425 3868 carne,
449 3793 537 3868 cute,
570 3790 643 3853 lana
666 3789 859 3874 praecellunt.
908 3788 968 3854 Sed
992 3794 1023 3854 et
1046 3792 1179 3876 gallinae
1200 3791 1291 3877 magis

150 3893 197 3957 ibi
220 3899 335 3973 ovant,
365 3899 397 3958 et
419 3899 523 3959 cetera
557 3894 664 3959 omnia
695 3894 725 3958 ri
754 3893 938 3980 generativa
961 3895 1079 3962 valent.
1125 3901 1159 3962 et
1182 3897 1240 3963 hoc
1259 3917 1292 3960 ex

151 4000 291 4069 naturali
315 4004 407 4063 terrae
430 4000 503 4077 situ,
529 4004 674 4083 respectu
696 3999 769 4064 coeli
789 4003 824 4064 vet
846 3999 991 4064 siderum.

241 4102 383 4169 Secundo
405 4105 443 4168 de
465 4104 579 4189 gentili
603 4105 669 4168 ritu
690 4105 724 4168 in
747 4105 899 4170 hocloco
923 4107 999 4170 olim
1016 4107 1177 4173 celebrato
1193 4108 1292 4172 viden·

151 4212 227 4275 dum
243 4212 339 4274 venit.
385 4210 433 4275 De
458 4231 520 4293 quo
547 4211 619 4276 licet
645 4215 765 4329 veteqes
781 4209 884 4275 nostri
899 4209 991 4275 nobis
1006 4211 1089 4276 nihil
1104 4211 1291 4299 reliquerint,

225 4367 238 4420 1
262 4366 298 4421 Et
317 4364 429 4420 videtur
449 4404 456 4419 .
476 4409 481 4422 .
502 4404 509 4419 .
528 4406 535 4420 .
554 4367 717 4436 supernatet
735 4365 807 4420 fehlt
819 4365 866 4420 bei
877 4363 964 4419 Wibl.
984 4365 1042 4419 und
1055 4365 1146 4424 Schm.
1183 4361 1290 4435 2cergl

153 4471 173 4508 s.
195 4454 253 4509 162.
