2806 4964
696 327 716 390 3

122 501 200 584 quia
222 500 256 563 in
289 521 341 583 eo·
357 502 538 582 castrantur
568 498 599 568 i„
623 519 648 562 e.
683 501 830 562 areentur
860 498 1004 562 homines
1035 522 1074 564 ne
1107 507 1278 587 evagantes

122 603 336 688 captiventur.
1160 671 1162 678 k

212 707 336 772 Deinde
359 707 464 796 etiam.
480 705 601 792 burgus
623 706 783 772 nominari
805 712 911 792 potest
933 713 1063 793 propter
1076 710 1202 775 fortem
1217 735 1278 792 ‚ar-

122 818 283 878 maturam
308 815 383 900 ejua
416 812 489 876 inde
518 812 601 876 cives
619 813 691 896 'ejus
721 813 763 892 in¹
788 814 914 899 vulgari
937 815 1096 880 locutione
1129 816 1278 880 dicuntur

125 919 287 1004 burgeri.
312 943 337 984 e.
362 918 482 1010 domini
496 916 615 1005 burgi„
647 917 733 983 Nam
749 918 919 984 Germania
934 920 1066 985 subacta
1085 945 1142 1006 per
1157 920 1277 986 Rome-

123 1046 181 1088 nos
205 1029 380 1109 posuerunt
403 1024 669 1108 Burgundionum
692 1028 803 1109 gentes
832 1026 1001 1096 incastris
1029 1027 1186 1110 aquibus
1209 1049 1277 1091 sor-

123 1129 186 1192 tita
202 1133 279 1195 sunt
293 1151 419 1209 nomen,
436 1129 520 1213 quod
536 1134 650 1209 castra,
668 1131 785 1214 oppida
799 1135 831 1194 et
846 1131 994 1195 civitates.
1007 1130 1155 1195 dicuntur
1170 1131 1275 1216 burgi.

212 1234 299 1299 Villa
322 1235 418 1300 etiam
442 1235 558 1299 dieitur
580 1233 694 1314 Ulma‚
726 1256 790 1300 non
813 1235 940 1319 quidem
962 1235 1166 1319 simpliciter,
1201 1221 1276 1321 quia

124 1340 169 1404 sie
193 1339 271 1404 villa
294 1340 410 1405 dieitur
444 1362 515 1424 quae
545 1363 608 1408 non
636 1345 684 1405 est
714 1341 813 1405 muris
844 1341 1039 1405 circumdata
1070 1339 1173 1425 (Bart.
1205 1346 1277 1427 post

123 1444 223 1529 gloss,
238 1445 272 1508 in
288 1444 310 1510 l.
353 1443 387 1510 Si
402 1445 493 1510 heres
509 1450 557 1510 est
572 1446 645 1529 viae)
660 1446 681 1525 ²,
705 1446 758 1510 sed
776 1445 852 1511 villa
870 1447 986 1511 dicitur
1002 1445 1186 1530 imperialia,
1204 1470 1275 1532 quae

124 1550 244 1614 additio
269 1550 535 1634 superoppidum
559 1555 591 1615 et
613 1551 776 1615 civitatem
799 1550 930 1616 Ulmam
953 1550 1093 1631 extollit,
1121 1555 1169 1616 est
1192 1554 1274 1618 enim

122 1677 187 1719 una
211 1656 250 1720 de
274 1659 411 1739 quatuor
433 1656 559 1740 imperii
581 1654 666 1720 villis
689 1678 786 1739 supra
808 1679 887 1740 quas
910 1657 1080 1740 imperium
1103 1656 1273 1722 fundatum

122 1760 240 1824 dieitur
262 1759 295 1822 in
320 1759 475 1825 Karolina
496 1759 610 1824 Karoli
640 1760 762 1843 quarti,
797 1782 868 1843 quae
898 1760 983 1824 villae
1014 1759 1112 1825 sunt²
1147 1762 1274 1827 Baben-

123 1865 224 1949 berga
240 1863 264 1944 ³,
287 1862 502 1943 Schletatat⁴‚
527 1863 707 1951 Hagnowia
729 1869 761 1929 et
784 1869 894 1929 nostra
916 1862 1023 1930 Ulma.
1069 1865 1130 1932 Sed
1153 1869 1185 1931 et
1207 1865 1275 1930 Ka-

126 1969 213 2033 rolus
236 1971 375 2054 primus,
401 1970 456 2055 qui
478 1991 614 2054 magnus
638 1969 771 2050 dieitur,
795 1970 828 2033 in
858 1970 952 2034 litera
975 1970 1171 2050 donationis,
1204 1993 1275 2055 quae

125 2072 257 2138 Ulmem
286 2074 416 2139 donavit
447 2075 556 2138 abbati
579 2071 677 2138 Owiae
706 2096 851 2160 magnae,
883 2074 976 2140 dicit:
1008 2076 1091 2140 dono
1121 2077 1274 2140 donamus

128 2178 267 2265 regalem
291 2177 400 2243 villam
424 2182 566 2243 nostram
582 2177 712 2243 Ulmam
730 2183 799 2258 eto,
823 2201 887 2242 non
903 2180 1015 2264 utique
1030 2179 1274 2265 intelligendum

125 2282 234 2348 villam
259 2284 399 2368 undique
421 2288 574 2367 apertam,
598 2283 686 2347 nullo
709 2305 800 2349 muro
823 2282 963 2348 clausam
979 2285 1031 2349 sed
1048 2285 1151 2349 locum
1170 2286 1272 2370 regali

128 2392 158 2451 et
179 2385 340 2471 imperiali
363 2386 459 2451 titulo
482 2386 624 2471 dignum.
669 2385 737 2451 Nee
760 2387 845 2451 valet
876 2387 1011 2452 obiectio
1044 2410 1109 2472 qua
1139 2387 1273 2452 dieitur:

127 2491 265 2556 Karolus
295 2512 431 2576 magnus
462 2490 583 2574 primus
614 2493 646 2555 et
667 2489 807 2555 Karolus
838 2496 970 2576 quartus
1001 2493 1170 2557 nominant
1203 2516 1272 2558 eam

127 2596 256 2675 villam,
298 2617 374 2681 ergo
414 2594 491 2659 villa
530 2599 578 2660 est
621 2596 791 2661 immunita
825 2600 857 2660 et
889 2597 1020 2675 misera;
1059 2619 1130 2661 eum
1168 2597 1275 2663 dicant

124 2702 232 2765 villam
268 2699 462 2784 imperialem
495 2705 527 2765 et
566 2701 714 2786 regalem.
775 2701 825 2766 Sic
863 2701 959 2767 etiam
998 2700 1081 2766 Galli
1119 2705 1273 2769 maximas

124 2805 215 2870 urbes
251 2805 343 2869 villas
374 2805 538 2870 nominare
568 2810 814 2886 consueverunt,
846 2810 881 2871 ut
911 2807 1021 2871 urbem
1053 2806 1273 2888 Parisiensem‚

126 2909 339 2975 Turonensem
362 2914 420 2975 ete.
546 2919 549 2926 '

208 3013 337 3080 Dicitur
360 3016 458 3080 etiam
481 3016 579 3082 Ulma
602 3017 698 3098 vicus,
721 3018 894 3102 improprie
910 3023 1026 3105 tamen.
1075 3017 1172 3084 Vicus
1188 3019 1273 3084 enim

127 3120 213 3185 nulla
237 3121 391 3185 civilitate
414 3122 555 3206 regitur,
579 3144 636 3187 neo
658 3124 757 3187 muris
781 3127 837 3187 aut
858 3122 989 3188 fossatis
1014 3124 1210 3209 protegitur,
1243 3129 1274 3188 et

63 3250 66 3255 ·
125 3226 180 3289 viis
204 3226 343 3311 undique
372 3227 481 3311 pervia
511 3227 663 3308 habetur,
694 3233 726 3293 εὴ
759 3233 901 3313 respectu
930 3229 1036 3293 ultimi
1068 3229 1165 3295 Ulmo
1186 3229 1273 3293 vicus

125 3330 246 3410 dieitur,
271 3354 335 3395 non
359 3335 503 3416 respectu
525 3332 657 3396 duorum
682 3333 878 3417 primorum3
902 3334 942 3398 ab
967 3335 1054 3398 omni
1070 3335 1154 3399 enim
1174 3332 1273 3418 plaga

126 3435 257 3517 publicae
281 3440 390 3502 stratae
413 3442 581 3503 transeunt
604 3460 661 3523 per
684 3436 824 3504 Ulmam.

208 3539 260 3605 Sic
276 3545 366 3625 patet
381 3540 511 3607 Ulmam
529 3565 595 3607 esse
610 3543 731 3623 urbem,
748 3544 919 3624 civitatem,
936 3543 1086 3627 oppidum
1101 3542 1123 3621 ⁵,
1149 3541 1269 3622 villam,

127 3649 271 3725 castrum,
295 3648 432 3734 burgum
457 3652 489 3713 et
514 3649 626 3714 vicum.

686 3828 704 3869 't‘

192 3945 278 4018 lber
296 3963 359 4032 post
383 3961 432 4033 glo
455 3962 485 4018 in
511 3962 531 4019 L
559 3963 583 4019 si
607 3965 686 4020 heres
713 3967 756 4020 est
783 3964 836 4020 viar
864 3964 927 4022 Mon
946 3963 971 4019 2.
1009 3963 1084 4019 Bart.
1104 3962 1143 4035 gl.
1163 3965 1192 4018 in
1212 3965 1231 4020 l.
1250 3963 1272 4017 si

127 4049 201 4107 heres
220 4091 226 4104 .
246 4092 253 4105 .
274 4050 358 4106 Goelr.
377 4050 451 4106 Besa.
487 4053 538 4108 Die
560 4053 643 4108 atelle
662 4053 767 4108 konnte
786 4053 829 4108 ioh
849 4054 928 4108 nieht
946 4053 1047 4108 finden.
1085 4052 1136 4106 Die
1155 4052 1272 4120 fibrigen

125 4137 335 4194 handsehriften
353 4139 446 4194 laseen
464 4140 514 4194 das
531 4142 603 4196 citat
622 4158 692 4210 weg.
781 4143 797 4195 2
815 4141 975 4210 Bamberga
993 4141 1093 4196 Sehad.
1113 4139 1163 4193 Eh.
1184 4139 1270 4193 Wibl.

126 4225 190 4282 Gok.
208 4226 254 4281 Kl.
274 4226 469 4297 Babemberga
486 4228 558 4283 Bere.
613 4230 630 4283 3
649 4227 824 4284 Sehletsthat
843 4231 915 4284 Mon.
935 4230 959 4282 2.
997 4228 1165 4282 Sehlettstat
1186 4225 1271 4278 Wibl.

124 4315 274 4384 tllagena
296 4315 347 4372 Eh.
368 4316 542 4384 Hagenowia
566 4315 665 4370 Sohad.
686 4315 731 4370 Kl.
770 4317 913 4387 Hagenow
936 4317 1008 4371 Boea.
1032 4315 1169 4383 Hagenau
1186 4311 1271 4367 Wibl.

124 4401 138 4455 5
154 4401 276 4477 opidum,
296 4403 431 4475 oppidum
450 4403 524 4460 Mon.
542 4405 559 4457 2
578 4402 639 4460 Seh.
659 4403 705 4459 Kl.
722 4403 798 4460 Base.
