2806 4964
25 600 83 636 sold.

7 645 42 681 Fr.
61 647 101 680 809.

650 319 713 389 200

107 519 184 584 ergo
204 495 274 562 loco
304 495 450 561 monachi
474 495 627 560 Burronis
658 497 838 561 divinarum
865 494 1090 582 Nympharum
1113 497 1256 559 constru-

107 608 222 670 xerunt
240 602 468 680 habitaculum,
485 602 714 666 monasterium
730 602 850 667 scilicet
865 601 1038 688 virginum,
1063 603 1095 664 et
1113 603 1256 664 sanctum

107 708 276 775 Nicolaum
307 707 542 772 constituerunt
576 706 714 771 ecclesiae
742 711 930 791 patronum,
964 710 1001 771 ut
1035 705 1093 769 has
1125 705 1257 769 mundas

107 818 249 880 tueretur
262 812 441 898 Nymphas,
465 812 547 875 sicut
569 811 646 875 olim
662 811 909 896 persequebatur
931 810 1074 875 sordidas
1088 807 1258 894 Nymphas

107 919 220 986 Dianae
242 917 374 996 sodales,
398 921 435 982 ut
457 916 594 981 habetur
616 916 650 981 in
673 917 740 982 eius
763 917 907 1003 legenda.
952 915 1037 981 Huic
1064 919 1177 980 sancto
1200 915 1259 980 Ni·

107 1024 196 1090 colao
220 1023 433 1088 adiunxerunt
457 1022 594 1086 ecclesiae
616 1021 704 1085 illius
720 1026 886 1106 patronam
903 1025 1047 1086 sanctam
1061 1019 1258 1106 Nympham‚

108 1151 204 1216 quam
233 1131 311 1212 puto
341 1126 431 1191 illam
460 1148 542 1205 esse,
580 1127 669 1191 cuius
698 1126 845 1191 meminit
874 1126 993 1192 Paulus
1024 1126 1190 1212 apostolus
1222 1125 1258 1191 ad

107 1234 306 1300 Colossenses
337 1232 450 1297 ultimo
468 1232 497 1311 ¹,
529 1253 599 1316 quae
630 1254 668 1296 ex
690 1230 834 1317 Phrygia
866 1233 1030 1317 provincia
1061 1233 1100 1296 de
1132 1231 1259 1316 egregia

107 1339 236 1405 civitate
258 1337 412 1402 Laodicea
434 1340 511 1401 nata
534 1359 572 1400 ex
595 1337 770 1422 gentilibus
792 1338 978 1421 parentibus
998 1335 1152 1422 Nympha
1176 1336 1258 1401 dicta

107 1446 178 1523 luit,
203 1445 278 1530 quia
292 1444 326 1507 in
342 1443 451 1507 eadem
466 1443 629 1526 provincia
645 1443 749 1507 cultus
764 1441 990 1528 Nympharum
1006 1442 1166 1506 maximus
1188 1440 1257 1520 fuit,

108 1555 140 1616 et
163 1554 210 1615 est
233 1547 321 1633 regio
353 1548 410 1612 illa
432 1547 629 1612 contermina
651 1547 756 1633 Lyciae
770 1546 797 1627 ²,
831 1549 915 1612 unde
947 1551 1074 1612 sanctus
1106 1545 1258 1611 Nicolaus

108 1659 213 1720 ortum
236 1652 360 1717 habuit.
405 1650 602 1717 Praedicante
624 1657 730 1717 autem
753 1651 853 1717 Paulo
876 1674 949 1717 cum
972 1651 1123 1716 Bernaba
1146 1651 1260 1716 Laodi·

108 1781 169 1825 oeae
191 1780 341 1824 conversa
363 1760 411 1821 est
425 1756 578 1843 Nympha
599 1759 638 1822 ad
653 1759 748 1822 fidem
771 1781 843 1824 cum
864 1759 1014 1823 universa
1036 1758 1132 1822 domo
1147 1779 1207 1821 sua
1229 1759 1258 1820 et

73 1936 83 1959 Ο
108 1870 175 1931 tarn
199 1868 316 1930 sanotae
339 1864 412 1928 vitae
435 1864 514 1940 fuit,
546 1868 582 1929 ut
606 1869 734 1930 sanctus
757 1863 876 1929 Paulus
899 1865 937 1929 de
960 1862 1096 1927 vinculis
1120 1883 1137 1926 e
1160 1860 1259 1926 Roma

108 1969 142 2034 in
165 1969 299 2054 epistola
321 1967 560 2034 Colossensibus
590 1971 687 2034 missa
715 1993 784 2035 eam
807 1971 941 2035 salutari
966 1991 1004 2034 ex
1026 1989 1059 2032 se
1085 1968 1258 2044 mandaret,

108 2074 234 2158 fuitque
257 2072 386 2159 hospita
402 2074 643 2158 praedicatorum
660 2075 844 2159 primorum,
868 2095 1040 2159 omnesque
1056 2073 1158 2137 divini
1175 2070 1258 2136 verbi

109 2201 267 2265 praecones
290 2180 430 2263 suscepit
452 2184 484 2244 et
506 2179 720 2264 provisionem
744 2181 829 2259 fecit,
854 2185 891 2245 ut
912 2179 1078 2262 colligitur
1100 2201 1140 2242 ex
1156 2177 1258 2262 glossa

108 2285 255 2373 magistri
277 2307 372 2370 super
394 2285 593 2368 apostolum,
622 2289 656 2350 et
688 2307 726 2349 ex
749 2284 845 2350 Petro
872 2285 911 2349 de
940 2283 1155 2348 Therentasia
1169 2282 1201 2360 ³,
1230 2284 1258 2345 et

108 2389 244 2456 Nicolao
266 2390 304 2454 de
326 2389 411 2474 Lyra
433 2390 492 2454 col.
516 2389 570 2454 4⁴.

195 2493 301 2580 Igitur
315 2495 350 2558 in
365 2494 520 2560 ambobus
536 2495 613 2560 locis
628 2500 696 2561 tam
712 2495 941 2560 monachorum
960 2516 1057 2578 quam
1073 2492 1258 2557 monialium

109 2599 235 2665 divinus
258 2599 362 2664 cultus
379 2600 488 2665 multis
505 2601 596 2665 annis
611 2601 832 2666 celebrabatur
849 2599 1039 2665 cummulta
1053 2598 1225 2663 devotione
1238 2596 1256 2659 ⁵.

110 2704 236 2769 Accidit
250 2708 324 2768 aute
339 2726 456 2768 manno
471 2703 592 2768 domini
610 2704 693 2768 1348
716 2705 786 2769 fieri
802 2727 857 2788 per
880 2705 1064 2769 universum
1079 2704 1148 2768 fere
1170 2724 1259 2767 mun·

110 2809 185 2874 dum
206 2808 470 2873 immanissimam
484 2813 614 2893 pestem,
637 2832 701 2895 qua
715 2813 766 2875 tot
780 2811 925 2875 homines
945 2810 1171 2875 moriebantur
1187 2829 1260 2895 quo·

109 2913 202 2991 tidie,
226 2917 263 2977 ut
285 2913 430 2978 civitates
452 2919 485 2979 et
507 2914 591 2978 villae
613 2920 843 2980 evacuarentur
872 2920 905 2981 et
935 2916 1039 2979 multa
1068 2913 1259 2980 monasteria

111 3018 179 3084 sine
201 3017 365 3082 monachis
387 3023 502 3084 essent.
539 3019 588 3082 illi
611 3020 696 3085 enim
709 3019 859 3084 monachi
884 3021 940 3104 qui
955 3021 1146 3105 superstites
1163 3022 1257 3093 erant,

111 3143 176 3188 non
197 3121 232 3185 in
254 3120 455 3186 monasteriis
485 3123 540 3187 sed
560 3122 596 3186 in
618 3123 802 3189 civitatibus
825 3129 934 3204 erant,
965 3128 997 3189 et
1029 3125 1152 3189 assueti
1175 3145 1260 3188 secu·

111 3226 226 3291 larium
256 3246 381 3291 morum
410 3225 449 3291 de
480 3227 565 3292 malo
591 3227 625 3291 in
658 3229 748 3312 peius
769 3229 981 3308 labebantur,
1015 3229 1187 3314 factusque
1218 3229 1261 3291 est

111 3331 254 3396 omnium
277 3329 469 3416 religionum
499 3333 607 3416 lapsus
629 3335 738 3418 gravis
759 3335 794 3398 in
816 3335 880 3399 ista
903 3339 1008 3420 peste,
1042 3334 1120 3419 quia
1150 3330 1263 3398 maturi

111 3436 330 3502 moriebantur
351 3442 384 3503 et
405 3438 499 3522 pauci
521 3443 720 3503 remanentes
752 3441 837 3524 apud
858 3440 996 3504 medicos
1019 3439 1054 3502 in
1078 3439 1262 3504 civitatibus

112 3543 281 3628 degebant,
304 3550 341 3610 ut
361 3545 397 3608 in
419 3544 488 3610 vita
503 3549 767 3610 conservarentur
781 3549 814 3609 et
837 3545 962 3610 solatiis
982 3544 1173 3629 gauderent.
1219 3542 1263 3606 Eo

112 3652 256 3732 tempore
285 3648 433 3713 monachi
461 3654 633 3715 conventus
657 3651 818 3736 Augensis
846 3673 936 3734 paene
967 3673 1077 3715 omnes
1112 3651 1153 3714 de
1176 3648 1262 3713 Ouia

113 3752 306 3836 emigrantes
328 3753 361 3816 in
376 3750 474 3818 Ulma
488 3776 547 3818 sua
562 3753 693 3819 civitate
706 3755 925 3819 morabantur.
964 3759 997 3819 et
1019 3754 1097 3839 quia
1116 3751 1263 3819 ditissimi

114 3860 207 3921 erant
228 3860 261 3921 et
281 3878 395 3940 parum
410 3856 448 3922 de
470 3857 624 3943 religione
640 3857 812 3938 habehant,
835 3859 954 3924 multos
969 3860 1072 3924 socios
1095 3858 1266 3935 habebant,

680 3974 699 4012 ξ

187 4053 395 4112 lCollocenses
412 4054 486 4110 tlon.
507 4057 530 4110 1.
565 4054 617 4110 Die
641 4055 724 4110 stelle
748 4055 787 4110 iat
804 4055 879 4111 vrohl
897 4055 947 4112 col
975 4059 1001 4111 4.
1022 4056 1065 4112 15.
1157 4057 1175 4109 2
1197 4051 1267 4108 Licie

115 4143 189 4201 lton.
209 4144 232 4198 1.
269 4142 350 4198 Litiae
370 4142 458 4197 Wrbl.
477 4143 567 4198 Schm.
648 4143 719 4199 3de
736 4143 926 4199 Therentaeia
943 4142 1030 4197 Wibl.
1050 4142 1134 4199 Gold.
1160 4145 1202 4197 ut.
1236 4144 1267 4197 de

114 4230 214 4285 Thera.
233 4230 294 4285 Sch.
313 4229 356 4283 dl.
376 4227 466 4284 Sohm.
515 4229 550 4283 de
576 4230 697 4286 Theren.
723 4231 797 4286 tlon.
819 4233 842 4284 l.
930 4230 1071 4285 leolum.
1089 4233 1107 4285 4
1126 4231 1207 4288 Gold.
1227 4233 1264 4285 ut.

114 4316 167 4373 ool.
183 4318 224 4372 4¹⁹
243 4318 317 4373 Mon.
338 4318 362 4371 1.
381 4315 442 4372 Sch.
461 4317 506 4372 Kl.
542 4315 600 4373 001.
620 4320 637 4371 4
655 4317 742 4372 Wibl.
802 4322 819 4373 5
836 4317 928 4373 Pestis
946 4317 1110 4389 primitivae
1129 4317 1266 4374 destruxit

114 4403 311 4464 observandas
330 4405 404 4462 Mon.
425 4407 449 4460 l.
466 4421 514 4460 am
531 4404 628 4460 rande
