2806 4964
684 343 726 405 86

130 518 286 602 amboque
315 539 375 602 pro
407 516 569 599 republica
603 516 776 600 gloriosam
807 520 941 580 mortem
969 515 1004 578 in
1038 515 1162 599 proeliis
1196 539 1276 580 acoe-

128 628 256 707 perunt.
291 621 399 686 Sedet
415 622 509 685 hodie
524 621 661 705 insignis
682 623 732 685 vir
748 622 894 686 dominus
910 619 1105 685 Wilhelmus
1123 621 1275 698 Besserer,

129 729 283 811 magister
306 727 422 789 civium
445 730 517 788 actu
541 726 708 804 ulmensis,
741 749 824 790 anno
847 727 904 790 illo
927 727 1139 810 praecunctis
1164 728 1277 792 electus

129 837 177 895 est
207 830 247 894 ab
277 831 468 914 imperatore
500 831 661 895 Friderioo
692 830 773 910 HIo,
804 855 823 895 a
854 831 1069 915 principibuS‚
1098 833 1276 910 comitibus,

131 942 163 1002 et
193 961 212 1000 a
244 936 526 1000 communitatibus
557 938 723 1001 civitatum
756 939 788 1000 in
820 938 1021 1021 capitaneum
1053 937 1128 1020 ligae
1155 936 1277 1022 niagno

129 1043 228 1106 totius
245 1041 376 1120 suevia,
400 1042 432 1104 in
450 1064 513 1125 qua
528 1042 646 1106 foedere
661 1043 762 1106 innoti
785 1047 860 1107 sunt
883 1041 1004 1106 nobiles
1021 1045 1054 1106 et
1074 1042 1183 1125 plebei
1200 1065 1276 1106 anno

129 1149 249 1212 domini
274 1148 368 1213 1488.
416 1146 545 1212 Cunctis
577 1148 661 1211 eninr
684 1153 761 1212 nota
795 1153 843 1212 est
865 1147 952 1211 illius
974 1147 1107 1211 familiae
1131 1148 1274 1225 fidelitas,

127 1253 271 1335 probitas
293 1256 325 1315 et
348 1251 538 1327 constantia,
563 1251 660 1314 robur
683 1253 872 1330 standaria,
897 1273 968 1334 quae
992 1251 1100 1314 omnia
1124 1251 1273 1315 oonoomi·

128 1359 215 1419 tatur
237 1355 378 1419 fortuna.
423 1356 468 1419 Et
491 1357 567 1439 quia
584 1355 731 1420 Besserer
755 1379 773 1419 a
797 1356 940 1419 bonitate
962 1375 1078 1418 nomen
1103 1355 1227 1420 habent
1247 1360 1272 1418 et

127 1462 246 1525 bonurn
270 1462 460 1525 naturaliter
488 1466 536 1524 est
559 1461 608 1524 sui
631 1461 731 1544 ipsius
754 1460 954 1538 diffusivum,
986 1460 1056 1524 ideo
1088 1460 1190 1524 etiam
1213 1460 1273 1544 ipsa

126 1566 251 1630 familia
274 1567 314 1630 ab
330 1565 428 1630 Ulma
450 1567 566 1630 diffusa
588 1567 751 1630 invenitur
773 1589 829 1649 per
852 1567 970 1629 multas
986 1563 1111 1629 Sueviae
1134 1566 1270 1629 civitates

126 1694 205 1755 quas
228 1694 286 1736 sua
307 1675 475 1755 praesentia
498 1678 662 1750 exornant,
686 1677 722 1735 ut
745 1677 793 1736 est
815 1671 1041 1755 Memmingen‚
1066 1669 1270 1753 Ravenspurg

127 1780 184 1840 eto.
232 1775 293 1841 Sed
316 1781 348 1841 et
372 1778 405 1840 in
436 1776 561 1840 Basilea
583 1777 666 1841 cives
689 1781 765 1841 sunt
787 1778 990 1841 honorabiles
1013 1777 1102 1840 illius
1125 1775 1269 1853 nominis;

127 1904 168 1944 an
202 1885 308 1945 autem
339 1883 406 1946 sint
436 1882 474 1946 de
504 1888 687 1946 nostrorum
711 1882 981 1946 Bessererensium
1008 1880 1185 1964 sanguine,
1216 1901 1267 1942 non

126 1990 261 2050 constat.
307 1987 377 2051 Hoc
400 1991 507 2050 autem
522 1987 640 2051 litteris
663 1987 827 2051 ostendere
842 2008 1020 2070 possumus,
1037 1985 1264 2049 Bessererenses

23 2149 25 2153 ,
125 2092 163 2155 de
181 2091 277 2156 Ulma
299 2096 458 2155 vetustate
481 2096 611 2155 ounotos
634 2093 713 2156 alios
735 2091 922 2175 praecellere.
969 2091 1017 2155 De
1039 2089 1091 2153 his
1119 2089 1264 2153 {tesserar-

127 2199 255 2261 ensibus
278 2197 415 2261 vidimus
443 2198 477 2260 in
502 2197 598 2262 Ulma
630 2202 662 2262 et
685 2197 762 2261 alibi
785 2197 957 2281 magistros
980 2195 1120 2273 civium,
1150 2194 1262 2268 iudices,

125 2307 262 2367 rectores
287 2308 318 2366 et
341 2302 518 2386 praefectos,
543 2307 703 2368 senatores
726 2307 758 2367 et
780 2301 934 2367 consules.

624 2479 791 2545 Roten¹.

214 2616 434 2682 Rubianorum
457 2616 591 2695 familia,
616 2639 712 2699 quam
735 2616 912 2702 vulgariter
932 2614 1041 2680 Roten
1064 2617 1257 2684 nominamus,

126 2723 166 2806 ab
188 2723 336 2786 omnibus
351 2722 501 2809 ingenua,
525 2721 661 2805 insignis
685 2726 717 2785 et
735 2722 949 2785 vetustissima
971 2721 1089 2784 dieitur
1111 2723 1144 2784 et
1159 2717 1255 2804 pradi-

14 2909 18 2919 .
126 2831 217 2891 eatur
248 2827 325 2891 olim
347 2827 439 2892 valde
461 2827 630 2910 potensin
660 2826 788 2891 civitate
811 2825 957 2891 Ulmensi
980 2826 1129 2910 pontium
1152 2826 1257 2889 viarum

125 2937 156 2997 et
179 2937 344 3016 portarum
374 2932 493 2996 telonia
527 2931 683 3015 accipiens
716 2937 748 2996 et
777 2932 839 2995 sibi
862 2953 1025 2996 reservans
1047 2931 1117 2996 iure
1140 2926 1256 2995 haeredi·

125 3038 217 3102 tario.
243 3039 296 3102 sed
320 3040 352 3102 et
374 3038 477 3101 datias
500 3039 539 3101 de
562 3035 760 3101 vasoaniois²
793 3037 999 3120 accipiebant,
1030 3041 1063 3101 et
1085 3037 1189 3101 multa
1208 3033 1256 3098 alia

125 3166 195 3228 quae
217 3167 302 3208 nuno
325 3145 359 3208 in
375 3167 440 3208 rem
464 3165 663 3207 communem
678 3143 817 3206 civitatis
840 3145 916 3206 sunt
938 3143 1074 3206 redacta.
1099 3137 1256 3206 eratenim

124 3251 235 3315 domus
258 3272 377 3325 eorum,
402 3249 436 3312 in
458 3270 522 3331 qua
544 3247 639 3310 hodie
662 3246 825 3312 conradus
841 3245 906 3311 Rot
929 3246 1065 3325 habitat,
1090 3246 1178 3310 locus
1199 3263 1256 3328 pro·

123 3357 262 3420 bationis
286 3353 534 3431 vasoanioarum
558 3375 628 3436 quae
644 3354 756 3416 domus
779 3353 857 3416 adeo
873 3352 1005 3436 antiqua
1028 3354 1086 3429 est,
1110 3351 1192 3435 quod
1207 3365 1255 3411 non

123 3466 191 3524 erat
220 3461 255 3523 in
286 3463 355 3522 tota
378 3458 475 3523 Ulma
497 3456 700 3542 horologium
731 3457 826 3520 horas
856 3457 988 3540 signans
1010 3454 1074 3518 nisi
1100 3454 1136 3517 in
1159 3476 1194 3518 ea
1211 3467 1254 3534 per

123 3588 222 3628 unum
255 3565 293 3629 de
315 3563 478 3627 Rubeanis
510 3567 723 3647 procuratum.
769 3561 847 3626 Haeo
877 3559 995 3625 nobilis
1026 3559 1152 3624 familia
1178 3557 1254 3624 eliam

123 3669 262 3733 creditur
288 3668 430 3732 Ulmensi
460 3669 584 3732 civitati
607 3690 730 3751 semper
752 3667 896 3743 affuisse3
931 3666 985 3730 sed
1008 3665 1093 3729 unde
1125 3661 1253 3748 primitus

123 3779 194 3838 orta
224 3774 267 3838 sit
298 3778 330 3837 et
352 3775 435 3836 unde
458 3796 549 3836 suum
582 3772 698 3835 sortita
730 3771 772 3835 sit
794 3793 910 3836 nomen
943 3769 1109 3834 nonsatis
1140 3764 1261 3834 constat,-

122 3877 308 3942 obfusoante
331 3881 490 3941 vetustate
512 3875 672 3941 notitiam.
719 3876 786 3941 Neo
808 3898 976 3960 possumus
999 3897 1038 3939 ex
1061 3873 1188 3938 nomine
1206 3864 1252 3932 ali·

123 4007 219 4067 quam
232 3982 373 4067 accipere
388 3982 612 4061 coniecturam,
628 4004 700 4045 oum
712 3981 907 4066 genealogiae
923 3985 990 4045 tam
1003 3977 1161 4044 nobilium
1177 3988 1251 4062 qnam

699 4095 717 4127 il·

193 4145 267 4203 lDa
287 4146 480 4201 Rubianorum
505 4146 616 4201 familia
640 4147 796 4216 volgariter
819 4144 918 4201 Roten.
954 4143 1028 4198 Mon.
1054 4143 1081 4197 2.
1106 4139 1176 4197 Gok.
1194 4135 1248 4189 Bell·

121 4234 206 4290 Woll.
229 4234 320 4289 Roten
339 4233 438 4288 Schad.
458 4233 526 4290 (loir.
546 4234 658 4290 Rothen
677 4235 762 4290 Wibl.
781 4233 825 4288 Kl.
847 4233 978 4289 Rothenn
997 4228 1120 4284 Schmid.
1187 4225 1248 4279 tvl·
1297 4252 1302 4258 ·

122 4320 237 4376 stanicis
252 4321 350 4376 Schad.
372 4320 445 4375 Mon.
465 4321 490 4374 2.
509 4321 593 4376 Woll.
610 4322 696 4375 Wibl.
715 4319 835 4375 Schmid.
850 4317 1001 4374 vasconicis
1019 4316 1089 4371 Gok.
1112 4315 1153 4370 ΚΙ.
1170 4301 1247 4368 sobal·

122 4408 241 4462 welches
260 4426 290 4464 so
309 4407 456 4476 corrigiert
474 4408 535 4463 hat.
571 4409 597 4465 S.
616 4409 689 4464 oben
706 4426 727 4464 s.
745 4409 790 4463 47.
