<?xml version="1.0" encoding="UTF-8"?>
<!DOCTYPE html PUBLIC "-//W3C//DTD XHTML 1.0 Transitional//EN"
    "http://www.w3.org/TR/xhtml1/DTD/xhtml1-transitional.dtd">
<html xmlns="http://www.w3.org/1999/xhtml" xml:lang="en" lang="en">
 <head>
  <title>
</title>
<meta http-equiv="Content-Type" content="text/html;charset=utf-8" />
  <meta name='ocr-system' content='tesseract 3.04.00' />
  <meta name='ocr-capabilities' content='ocr_page ocr_carea ocr_par ocr_line ocrx_word'/>
</head>
<body>
  <div class='ocr_page' id='page_1' title='image "./fratrisfelicisf03fabrgoog_0023.png"; bbox 0 0 2806 4964; ppageno 0'>
   <div class='ocr_carea' id='block_1_1' title="bbox 739 318 758 383">
    <p class='ocr_par' dir='ltr' id='par_1_1' title="bbox 739 318 758 383">
     <span class='ocr_line' id='line_1_1' title="bbox 739 318 758 383; baseline 0 0"><span class='ocrx_word' id='word_1_1' title='bbox 739 318 758 383; x_wconf 79' lang='lat'><strong>2</strong></span> 
     </span>
    </p>
   </div>
   <div class='ocr_carea' id='block_1_2' title="bbox 72 485 1328 1097">
    <p class='ocr_par' dir='ltr' id='par_1_2' title="bbox 72 485 1328 1097">
     <span class='ocr_line' id='line_1_2' title="bbox 174 485 1328 574; baseline 0.003 -24"><span class='ocrx_word' id='word_1_2' title='bbox 174 485 295 550; x_wconf 91' lang='lat' dir='ltr'><strong>sulcum</strong></span> <span class='ocrx_word' id='word_1_3' title='bbox 322 487 506 552; x_wconf 89' lang='lat' dir='ltr'><strong>circularem</strong></span> <span class='ocrx_word' id='word_1_4' title='bbox 531 487 570 551; x_wconf 89' lang='lat' dir='ltr'><strong>ad</strong></span> <span class='ocrx_word' id='word_1_5' title='bbox 586 488 838 573; x_wconf 80' lang='lat' dir='ltr'>designationem</span> <span class='ocrx_word' id='word_1_6' title='bbox 855 489 1004 553; x_wconf 71' lang='lat' dir='ltr'><strong>circuitus</strong></span> <span class='ocrx_word' id='word_1_7' title='bbox 1020 511 1184 553; x_wconf 91' lang='lat' dir='ltr'><strong>murorum</strong></span> <span class='ocrx_word' id='word_1_8' title='bbox 1201 489 1328 574; x_wconf 82' lang='lat' dir='ltr'><strong>erigen-</strong></span> 
     </span>
     <span class='ocr_line' id='line_1_3' title="bbox 175 590 1328 678; baseline 0.003 -24"><span class='ocrx_word' id='word_1_9' title='bbox 175 590 297 656; x_wconf 89' lang='lat' dir='ltr'><strong>dornm.</strong></span> <span class='ocrx_word' id='word_1_10' title='bbox 345 591 396 656; x_wconf 85' lang='lat' dir='ltr'><strong>Ab</strong></span> <span class='ocrx_word' id='word_1_11' title='bbox 420 593 553 676; x_wconf 88' lang='lat' dir='ltr'><strong>antiqua</strong></span> <span class='ocrx_word' id='word_1_12' title='bbox 576 593 660 657; x_wconf 92' lang='lat' dir='ltr'><strong>enim</strong></span> <span class='ocrx_word' id='word_1_13' title='bbox 683 595 909 659; x_wconf 89' lang='lat' dir='ltr'><strong>consuetudine</strong></span> <span class='ocrx_word' id='word_1_14' title='bbox 938 616 1009 658; x_wconf 89' lang='lat' dir='ltr'><strong>cum</strong></span> <span class='ocrx_word' id='word_1_15' title='bbox 1036 594 1112 659; x_wconf 90' lang='lat' dir='ltr'><strong>urbs</strong></span> <span class='ocrx_word' id='word_1_16' title='bbox 1136 594 1243 678; x_wconf 87' lang='lat' dir='ltr'><strong>aliqua</strong></span> <span class='ocrx_word' id='word_1_17' title='bbox 1264 595 1328 658; x_wconf 89' lang='lat' dir='ltr'><strong>fnit</strong></span> 
     </span>
     <span class='ocr_line' id='line_1_4' title="bbox 72 696 1325 784; baseline 0.002 -23"><span class='ocrx_word' id='word_1_18' title='bbox 72 756 74 761; x_wconf 83' lang='lat'><em>.</em></span> <span class='ocrx_word' id='word_1_19' title='bbox 175 696 373 776; x_wconf 83' lang='lat' dir='ltr'><strong>aedificanda‚</strong></span> <span class='ocrx_word' id='word_1_20' title='bbox 409 697 558 762; x_wconf 85' lang='lat' dir='ltr'><strong>circuitus</strong></span> <span class='ocrx_word' id='word_1_21' title='bbox 590 698 656 763; x_wconf 89' lang='lat' dir='ltr'><strong>eins</strong></span> <span class='ocrx_word' id='word_1_22' title='bbox 687 699 915 784; x_wconf 77' lang='lat' dir='ltr'><strong>designabatur</strong></span> <span class='ocrx_word' id='word_1_23' title='bbox 946 703 1053 763; x_wconf 89' lang='lat' dir='ltr'><strong>aratro</strong></span> <span class='ocrx_word' id='word_1_24' title='bbox 1083 699 1122 763; x_wconf 87' lang='lat' dir='ltr'><strong>ad</strong></span> <span class='ocrx_word' id='word_1_25' title='bbox 1154 699 1325 783; x_wconf 89' lang='lat' dir='ltr'><strong>imperium</strong></span> 
     </span>
     <span class='ocr_line' id='line_1_5' title="bbox 174 800 1325 888; baseline 0.004 -25"><span class='ocrx_word' id='word_1_26' title='bbox 174 800 346 886; x_wconf 81' lang='lat' dir='ltr'><strong>principis,</strong></span> <span class='ocrx_word' id='word_1_27' title='bbox 379 802 447 867; x_wconf 91' lang='lat' dir='ltr'><strong>sine</strong></span> <span class='ocrx_word' id='word_1_28' title='bbox 476 803 565 866; x_wconf 90' lang='lat' dir='ltr'><strong>cuius</strong></span> <span class='ocrx_word' id='word_1_29' title='bbox 587 803 674 867; x_wconf 89' lang='lat' dir='ltr'><strong>iussu</strong></span> <span class='ocrx_word' id='word_1_30' title='bbox 708 826 801 868; x_wconf 91' lang='lat' dir='ltr'><strong>nemo</strong></span> <span class='ocrx_word' id='word_1_31' title='bbox 831 804 991 869; x_wconf 86' lang='lat' dir='ltr'><strong>civitatem</strong></span> <span class='ocrx_word' id='word_1_32' title='bbox 1021 804 1186 869; x_wconf 85' lang='lat' dir='ltr'><strong>aedificare</strong></span> <span class='ocrx_word' id='word_1_33' title='bbox 1210 808 1325 888; x_wconf 88' lang='lat' dir='ltr'><strong>potest.</strong></span> 
     </span>
     <span class='ocr_line' id='line_1_6' title="bbox 176 903 1326 993; baseline 0.003 -25"><span class='ocrx_word' id='word_1_34' title='bbox 176 903 220 969; x_wconf 85' lang='lat' dir='ltr'><strong>Dt</strong></span> <span class='ocrx_word' id='word_1_35' title='bbox 244 907 319 990; x_wconf 90' lang='lat' dir='ltr'><strong>quia</strong></span> <span class='ocrx_word' id='word_1_36' title='bbox 343 929 392 971; x_wconf 90' lang='lat' dir='ltr'><strong>res</strong></span> <span class='ocrx_word' id='word_1_37' title='bbox 415 907 449 970; x_wconf 89' lang='lat' dir='ltr'><strong>iu</strong></span> <span class='ocrx_word' id='word_1_38' title='bbox 472 930 509 972; x_wconf 88' lang='lat' dir='ltr'><strong>ea</strong></span> <span class='ocrx_word' id='word_1_39' title='bbox 531 907 710 987; x_wconf 83' lang='lat' dir='ltr'><strong>resolvitur,</strong></span> <span class='ocrx_word' id='word_1_40' title='bbox 735 931 772 973; x_wconf 86' lang='lat' dir='ltr'><strong>ex</strong></span> <span class='ocrx_word' id='word_1_41' title='bbox 789 909 904 993; x_wconf 86' lang='lat' dir='ltr'><strong>quibus</strong></span> <span class='ocrx_word' id='word_1_42' title='bbox 920 909 1135 987; x_wconf 74' lang='lat' dir='ltr'><strong>constituitur,</strong></span> <span class='ocrx_word' id='word_1_43' title='bbox 1159 909 1229 975; x_wconf 91' lang='lat' dir='ltr'><strong>ideo</strong></span> <span class='ocrx_word' id='word_1_44' title='bbox 1244 909 1326 972; x_wconf 90' lang='lat' dir='ltr'><strong>mori</strong></span> 
     </span>
     <span class='ocr_line' id='line_1_7' title="bbox 178 1008 1328 1097; baseline 0.002 -24"><span class='ocrx_word' id='word_1_45' title='bbox 178 1008 292 1073; x_wconf 89' lang='lat' dir='ltr'><strong>dicitnr</strong></span> <span class='ocrx_word' id='word_1_46' title='bbox 319 1010 431 1075; x_wconf 81' lang='lat' dir='ltr'><strong>civitas</strong></span> <span class='ocrx_word' id='word_1_47' title='bbox 465 1012 591 1095; x_wconf 90' lang='lat' dir='ltr'><strong>quando</strong></span> <span class='ocrx_word' id='word_1_48' title='bbox 618 1035 674 1096; x_wconf 91' lang='lat' dir='ltr'><strong>per</strong></span> <span class='ocrx_word' id='word_1_49' title='bbox 696 1012 920 1097; x_wconf 81' lang='lat' dir='ltr'><strong>imperatorem</strong></span> <span class='ocrx_word' id='word_1_50' title='bbox 943 1013 1171 1077; x_wconf 89' lang='lat' dir='ltr'><strong>condemnatur</strong></span> <span class='ocrx_word' id='word_1_51' title='bbox 1193 1014 1232 1077; x_wconf 91' lang='lat' dir='ltr'><strong>ad</strong></span> <span class='ocrx_word' id='word_1_52' title='bbox 1256 1035 1328 1075; x_wconf 89' lang='lat' dir='ltr'><strong>ara·</strong></span> 
     </span>
    </p>
   </div>
   <div class='ocr_carea' id='block_1_3' title="bbox 93 1114 1356 4144">
    <p class='ocr_par' dir='ltr' id='par_1_3' title="bbox 170 1114 1329 1600">
     <span class='ocr_line' id='line_1_8' title="bbox 175 1114 1328 1198; baseline 0.004 -22"><span class='ocrx_word' id='word_1_53' title='bbox 175 1115 261 1177; x_wconf 89' lang='lat' dir='ltr'><strong>trum</strong></span> <span class='ocrx_word' id='word_1_54' title='bbox 284 1117 414 1198; x_wconf 88' lang='lat' dir='ltr'><strong>propter</strong></span> <span class='ocrx_word' id='word_1_55' title='bbox 435 1114 597 1194; x_wconf 83' lang='lat' dir='ltr'><strong>demerita,</strong></span> <span class='ocrx_word' id='word_1_56' title='bbox 621 1120 653 1180; x_wconf 91' lang='lat' dir='ltr'><strong>et</strong></span> <span class='ocrx_word' id='word_1_57' title='bbox 668 1116 882 1181; x_wconf 89' lang='lat' dir='ltr'><strong>circumducto</strong></span> <span class='ocrx_word' id='word_1_58' title='bbox 906 1120 1013 1181; x_wconf 87' lang='lat' dir='ltr'><strong>aratro</strong></span> <span class='ocrx_word' id='word_1_59' title='bbox 1030 1117 1146 1180; x_wconf 85' lang='lat' dir='ltr'><strong>desinit</strong></span> <span class='ocrx_word' id='word_1_60' title='bbox 1169 1117 1328 1182; x_wconf 57' lang='lat' dir='ltr'><strong>esse&#39;nrbs</strong></span> 
     </span>
     <span class='ocr_line' id='line_1_9' title="bbox 170 1218 1329 1306; baseline 0.003 -24"><span class='ocrx_word' id='word_1_61' title='bbox 170 1221 209 1282; x_wconf 87' lang='lat' dir='ltr'><strong>&#39;et</strong></span> <span class='ocrx_word' id='word_1_62' title='bbox 232 1218 336 1302; x_wconf 85' lang='lat' dir='ltr'><strong>perdit</strong></span> <span class='ocrx_word' id='word_1_63' title='bbox 359 1220 467 1284; x_wconf 89' lang='lat' dir='ltr'><strong>omnia</strong></span> <span class='ocrx_word' id='word_1_64' title='bbox 488 1220 666 1305; x_wconf 82' lang='lat' dir='ltr'><strong>privilegia.</strong></span> <span class='ocrx_word' id='word_1_65' title='bbox 712 1220 765 1286; x_wconf 88' lang='lat' dir='ltr'><strong>Sio</strong></span> <span class='ocrx_word' id='word_1_66' title='bbox 786 1220 906 1306; x_wconf 83' lang='lat' dir='ltr'><strong>legitur</strong></span> <span class='ocrx_word' id='word_1_67' title='bbox 921 1220 1100 1287; x_wconf 84' lang='lat' dir='ltr'><strong>Friderions</strong></span> <span class='ocrx_word' id='word_1_68' title='bbox 1122 1222 1244 1306; x_wconf 88' lang='lat' dir='ltr'><strong>primns</strong></span> <span class='ocrx_word' id='word_1_69' title='bbox 1259 1221 1329 1286; x_wconf 91' lang='lat' dir='ltr'><strong>Me·</strong></span> 
     </span>
     <span class='ocr_line' id='line_1_10' title="bbox 176 1323 1327 1411; baseline 0.003 -24"><span class='ocrx_word' id='word_1_70' title='bbox 176 1323 339 1388; x_wconf 89' lang='lat' dir='ltr'><strong>diolannm</strong></span> <span class='ocrx_word' id='word_1_71' title='bbox 362 1325 586 1389; x_wconf 79' lang='lat' dir='ltr'><strong>condemnasse</strong></span> <span class='ocrx_word' id='word_1_72' title='bbox 616 1329 648 1389; x_wconf 85' lang='lat' dir='ltr'><strong>et</strong></span> <span class='ocrx_word' id='word_1_73' title='bbox 671 1348 727 1410; x_wconf 90' lang='lat' dir='ltr'><strong>per</strong></span> <span class='ocrx_word' id='word_1_74' title='bbox 750 1325 872 1411; x_wconf 84' lang='lat' dir='ltr'><strong>plateas</strong></span> <span class='ocrx_word' id='word_1_75' title='bbox 895 1330 1037 1391; x_wconf 87' lang='lat' dir='ltr'><strong>aratrum</strong></span> <span class='ocrx_word' id='word_1_76' title='bbox 1061 1327 1196 1391; x_wconf 84' lang='lat' dir='ltr'><strong>duxisse.</strong></span> <span class='ocrx_word' id='word_1_77' title='bbox 1245 1325 1327 1402; x_wconf 83' lang='lat' dir='ltr'><strong>Quia</strong></span> 
     </span>
     <span class='ocr_line' id='line_1_11' title="bbox 176 1430 1329 1517; baseline 0.002 -23"><span class='ocrx_word' id='word_1_78' title='bbox 176 1430 211 1493; x_wconf 91' lang='lat' dir='ltr'><strong>in</strong></span> <span class='ocrx_word' id='word_1_79' title='bbox 234 1431 312 1495; x_wconf 90' lang='lat' dir='ltr'><strong>urbe</strong></span> <span class='ocrx_word' id='word_1_80' title='bbox 335 1430 496 1495; x_wconf 85' lang='lat' dir='ltr'><strong>condenda</strong></span> <span class='ocrx_word' id='word_1_81' title='bbox 519 1433 576 1496; x_wconf 90' lang='lat' dir='ltr'><strong>fiat</strong></span> <span class='ocrx_word' id='word_1_82' title='bbox 600 1432 726 1505; x_wconf 85' lang='lat' dir='ltr'><strong>urbatio</strong></span> <span class='ocrx_word' id='word_1_83' title='bbox 750 1435 840 1516; x_wconf 90' lang='lat' dir='ltr'><strong>patet</strong></span> <span class='ocrx_word' id='word_1_84' title='bbox 867 1432 895 1495; x_wconf 84' lang='lat' dir='ltr'>ff</span> <span class='ocrx_word' id='word_1_85' title='bbox 913 1433 952 1497; x_wconf 88' lang='lat' dir='ltr'><strong>de</strong></span> <span class='ocrx_word' id='word_1_86' title='bbox 973 1432 1142 1497; x_wconf 87' lang='lat' dir='ltr'><strong>verborum</strong></span> <span class='ocrx_word' id='word_1_87' title='bbox 1171 1431 1329 1517; x_wconf 84' lang='lat' dir='ltr'><strong>significa·</strong></span> 
     </span>
     <span class='ocr_line' id='line_1_12' title="bbox 177 1534 430 1600; baseline 0.004 -2"><span class='ocrx_word' id='word_1_88' title='bbox 177 1536 265 1600; x_wconf 92' lang='lat' dir='ltr'><strong>tione</strong></span> <span class='ocrx_word' id='word_1_89' title='bbox 286 1534 307 1598; x_wconf 90' lang='lat' dir='ltr'><strong>l.</strong></span> <span class='ocrx_word' id='word_1_90' title='bbox 331 1535 430 1599; x_wconf 88' lang='lat' dir='ltr'><strong>urbis.</strong></span> 
     </span>
    </p>

    <p class='ocr_par' dir='ltr' id='par_1_4' title="bbox 93 1639 1356 2987">
     <span class='ocr_line' id='line_1_13' title="bbox 267 1639 1327 1725; baseline 0.001 -21"><span class='ocrx_word' id='word_1_91' title='bbox 267 1639 405 1704; x_wconf 90' lang='lat' dir='ltr'><strong>Demnm</strong></span> <span class='ocrx_word' id='word_1_92' title='bbox 428 1641 510 1706; x_wconf 87' lang='lat' dir='ltr'><strong>sicut</strong></span> <span class='ocrx_word' id='word_1_93' title='bbox 532 1639 630 1706; x_wconf 87' lang='lat' dir='ltr'><strong>Ulma</strong></span> <span class='ocrx_word' id='word_1_94' title='bbox 652 1641 729 1721; x_wconf 88' lang='lat' dir='ltr'><strong>urbs</strong></span> <span class='ocrx_word' id='word_1_95' title='bbox 752 1641 814 1706; x_wconf 88' lang='lat' dir='ltr'><strong>dici</strong></span> <span class='ocrx_word' id='word_1_96' title='bbox 836 1645 949 1725; x_wconf 85' lang='lat' dir='ltr'><strong>potest,</strong></span> <span class='ocrx_word' id='word_1_97' title='bbox 972 1642 1017 1706; x_wconf 90' lang='lat' dir='ltr'><strong>sio</strong></span> <span class='ocrx_word' id='word_1_98' title='bbox 1039 1645 1072 1706; x_wconf 91' lang='lat' dir='ltr'><strong>et</strong></span> <span class='ocrx_word' id='word_1_99' title='bbox 1094 1641 1217 1721; x_wconf 81' lang='lat' dir='ltr'><strong>civitas,</strong></span> <span class='ocrx_word' id='word_1_100' title='bbox 1243 1641 1327 1725; x_wconf 93' lang='lat' dir='ltr'><strong>quod</strong></span> 
     </span>
     <span class='ocr_line' id='line_1_14' title="bbox 180 1744 1331 1830; baseline 0.001 -20"><span class='ocrx_word' id='word_1_101' title='bbox 180 1745 294 1811; x_wconf 86' lang='lat' dir='ltr'><strong>civitas</strong></span> <span class='ocrx_word' id='word_1_102' title='bbox 318 1748 350 1809; x_wconf 93' lang='lat' dir='ltr'><strong>et</strong></span> <span class='ocrx_word' id='word_1_103' title='bbox 371 1745 447 1809; x_wconf 91' lang='lat' dir='ltr'><strong>nrbs</strong></span> <span class='ocrx_word' id='word_1_104' title='bbox 469 1744 552 1810; x_wconf 90' lang='lat' dir='ltr'><strong>idem</strong></span> <span class='ocrx_word' id='word_1_105' title='bbox 574 1749 658 1811; x_wconf 89' lang='lat' dir='ltr'><strong>suut.</strong></span> <span class='ocrx_word' id='word_1_106' title='bbox 705 1746 749 1811; x_wconf 83' lang='lat' dir='ltr'><strong>Dt</strong></span> <span class='ocrx_word' id='word_1_107' title='bbox 765 1746 792 1810; x_wconf 87' lang='lat' dir='ltr'><strong>si</strong></span> <span class='ocrx_word' id='word_1_108' title='bbox 808 1745 959 1830; x_wconf 92' lang='lat' dir='ltr'><strong>oppidum</strong></span> <span class='ocrx_word' id='word_1_109' title='bbox 975 1744 1104 1830; x_wconf 89' lang='lat' dir='ltr'><strong>aliquod</strong></span> <span class='ocrx_word' id='word_1_110' title='bbox 1119 1749 1175 1810; x_wconf 93' lang='lat' dir='ltr'><strong>aut</strong></span> <span class='ocrx_word' id='word_1_111' title='bbox 1191 1750 1331 1811; x_wconf 87' lang='lat' dir='ltr'><strong>castrum</strong></span> 
     </span>
     <span class='ocr_line' id='line_1_15' title="bbox 149 1849 1330 1947; baseline 0.003 -33"><span class='ocrx_word' id='word_1_112' title='bbox 149 1920 152 1947; x_wconf 57' lang='grc' dir='ltr'>Ι</span> <span class='ocrx_word' id='word_1_113' title='bbox 182 1873 246 1915; x_wconf 86' lang='lat' dir='ltr'><strong>non</strong></span> <span class='ocrx_word' id='word_1_114' title='bbox 268 1850 311 1914; x_wconf 90' lang='lat' dir='ltr'><strong>sit</strong></span> <span class='ocrx_word' id='word_1_115' title='bbox 333 1849 455 1928; x_wconf 85' lang='lat' dir='ltr'><strong>civitas,</strong></span> <span class='ocrx_word' id='word_1_116' title='bbox 479 1850 549 1934; x_wconf 90' lang='lat' dir='ltr'><strong>ipso</strong></span> <span class='ocrx_word' id='word_1_117' title='bbox 571 1849 657 1916; x_wconf 86' lang='lat' dir='ltr'><strong>facto</strong></span> <span class='ocrx_word' id='word_1_118' title='bbox 674 1851 812 1915; x_wconf 87' lang='lat' dir='ltr'><strong>efficitur</strong></span> <span class='ocrx_word' id='word_1_119' title='bbox 827 1851 940 1915; x_wconf 86' lang='lat' dir='ltr'><strong>civitas</strong></span> <span class='ocrx_word' id='word_1_120' title='bbox 962 1850 989 1914; x_wconf 90' lang='lat' dir='ltr'><strong>si</strong></span> <span class='ocrx_word' id='word_1_121' title='bbox 1012 1873 1096 1935; x_wconf 93' lang='lat' dir='ltr'><strong>papa</strong></span> <span class='ocrx_word' id='word_1_122' title='bbox 1119 1850 1169 1916; x_wconf 86' lang='lat' dir='ltr'><strong>vel</strong></span> <span class='ocrx_word' id='word_1_123' title='bbox 1191 1851 1330 1936; x_wconf 89' lang='lat' dir='ltr'><strong>impera-</strong></span> 
     </span>
     <span class='ocr_line' id='line_1_16' title="bbox 180 1954 1331 2046; baseline 0 -26"><span class='ocrx_word' id='word_1_124' title='bbox 180 1960 232 2021; x_wconf 82' lang='lat' dir='ltr'><strong>tor.</strong></span> <span class='ocrx_word' id='word_1_125' title='bbox 261 1955 380 2021; x_wconf 81' lang='lat' dir='ltr'><strong>scribat</strong></span> <span class='ocrx_word' id='word_1_126' title='bbox 411 1956 440 2046; x_wconf 78' lang='lat' dir='ltr'><strong>ei</strong></span> <span class='ocrx_word' id='word_1_127' title='bbox 470 1959 513 2021; x_wconf 55' lang='lat' dir='ltr'><strong>nt¹</strong></span> <span class='ocrx_word' id='word_1_128' title='bbox 533 1956 656 2021; x_wconf 75' lang='lat' dir='ltr'><strong>civitati</strong></span> <span class='ocrx_word' id='word_1_129' title='bbox 690 1954 907 2038; x_wconf 82' lang='lat' dir='ltr'><strong>(Innocentius</strong></span> <span class='ocrx_word' id='word_1_130' title='bbox 939 1960 970 2021; x_wconf 89' lang='lat' dir='ltr'><strong>et</strong></span> <span class='ocrx_word' id='word_1_131' title='bbox 992 1955 1127 2021; x_wconf 89' lang='lat' dir='ltr'><strong>Ioannes</strong></span> <span class='ocrx_word' id='word_1_132' title='bbox 1150 1957 1183 2020; x_wconf 88' lang='lat' dir='ltr'><strong>in</strong></span> <span class='ocrx_word' id='word_1_133' title='bbox 1205 1978 1230 2022; x_wconf 91' lang='lat' dir='ltr'><strong>c.</strong></span> <span class='ocrx_word' id='word_1_134' title='bbox 1256 1979 1331 2021; x_wconf 89' lang='lat' dir='ltr'><strong>cura</strong></span> 
     </span>
     <span class='ocr_line' id='line_1_17' title="bbox 180 2060 1331 2145; baseline 0.001 -20"><span class='ocrx_word' id='word_1_135' title='bbox 180 2060 382 2125; x_wconf 89' lang='lat' dir='ltr'><strong>ecclesiarum</strong></span> <span class='ocrx_word' id='word_1_136' title='bbox 405 2061 448 2126; x_wconf 52' lang='lat' dir='ltr'><strong>de¹</strong></span> <span class='ocrx_word' id='word_1_137' title='bbox 465 2061 572 2127; x_wconf 88' lang='lat' dir='ltr'><strong>officio</strong></span> <span class='ocrx_word' id='word_1_138' title='bbox 595 2062 774 2145; x_wconf 89' lang='lat' dir='ltr'><strong>ordinarii).</strong></span> <span class='ocrx_word' id='word_1_139' title='bbox 818 2061 940 2127; x_wconf 89' lang='lat' dir='ltr'><strong>Notum</strong></span> <span class='ocrx_word' id='word_1_140' title='bbox 968 2066 1074 2128; x_wconf 88' lang='lat' dir='ltr'><strong>autem</strong></span> <span class='ocrx_word' id='word_1_141' title='bbox 1106 2067 1154 2128; x_wconf 86' lang='lat' dir='ltr'><strong>est</strong></span> <span class='ocrx_word' id='word_1_142' title='bbox 1181 2085 1219 2128; x_wconf 84' lang='lat' dir='ltr'><strong>ex</strong></span> <span class='ocrx_word' id='word_1_143' title='bbox 1247 2063 1331 2128; x_wconf 91' lang='lat' dir='ltr'><strong>anti-</strong></span> 
     </span>
     <span class='ocr_line' id='line_1_18' title="bbox 180 2164 1331 2252; baseline 0.002 -23"><span class='ocrx_word' id='word_1_144' title='bbox 180 2165 251 2250; x_wconf 85' lang='lat' dir='ltr'><strong>quis</strong></span> <span class='ocrx_word' id='word_1_145' title='bbox 276 2169 308 2230; x_wconf 87' lang='lat' dir='ltr'><strong>et</strong></span> <span class='ocrx_word' id='word_1_146' title='bbox 330 2167 422 2231; x_wconf 88' lang='lat' dir='ltr'><strong>novis</strong></span> <span class='ocrx_word' id='word_1_147' title='bbox 445 2164 646 2232; x_wconf 86' lang='lat' dir='ltr'><strong>Ulmensium</strong></span> <span class='ocrx_word' id='word_1_148' title='bbox 669 2167 769 2232; x_wconf 90' lang='lat' dir='ltr'><strong>literis</strong></span> <span class='ocrx_word' id='word_1_149' title='bbox 793 2167 878 2252; x_wconf 91' lang='lat' dir='ltr'><strong>quod</strong></span> <span class='ocrx_word' id='word_1_150' title='bbox 893 2190 977 2252; x_wconf 88' lang='lat' dir='ltr'><strong>papa</strong></span> <span class='ocrx_word' id='word_1_151' title='bbox 998 2171 1033 2233; x_wconf 91' lang='lat' dir='ltr'><strong>et</strong></span> <span class='ocrx_word' id='word_1_152' title='bbox 1050 2167 1226 2251; x_wconf 89' lang='lat' dir='ltr'><strong>imperator</strong></span> <span class='ocrx_word' id='word_1_153' title='bbox 1247 2190 1331 2231; x_wconf 92' lang='lat' dir='ltr'><strong>sem·</strong></span> 
     </span>
     <span class='ocr_line' id='line_1_19' title="bbox 180 2255 1329 2356; baseline 0 -21"><span class='ocrx_word' id='word_1_154' title='bbox 180 2255 237 2354; x_wconf 89' lang='lat' dir='ltr'><strong>per</strong></span> <span class='ocrx_word' id='word_1_155' title='bbox 259 2258 386 2354; x_wconf 86' lang='lat' dir='ltr'><strong>scripsit</strong></span> <span class='ocrx_word' id='word_1_156' title='bbox 409 2268 523 2336; x_wconf 87' lang='lat' dir='ltr'><strong>Ulmae</strong></span> <span class='ocrx_word' id='word_1_157' title='bbox 534 2271 583 2335; x_wconf 75' lang='lat' dir='ltr'><strong>&#39;ut</strong></span> <span class='ocrx_word' id='word_1_158' title='bbox 605 2271 738 2337; x_wconf 84' lang='lat' dir='ltr'><strong>civitati.</strong></span> <span class='ocrx_word' id='word_1_159' title='bbox 777 2270 903 2336; x_wconf 88' lang='lat' dir='ltr'><strong>Dicitur</strong></span> <span class='ocrx_word' id='word_1_160' title='bbox 924 2272 1021 2337; x_wconf 90' lang='lat' dir='ltr'><strong>etiam</strong></span> <span class='ocrx_word' id='word_1_161' title='bbox 1035 2272 1148 2336; x_wconf 82' lang='lat' dir='ltr'><strong>civitas</strong></span> <span class='ocrx_word' id='word_1_162' title='bbox 1164 2271 1249 2356; x_wconf 92' lang='lat' dir='ltr'><strong>qnod</strong></span> <span class='ocrx_word' id='word_1_163' title='bbox 1264 2294 1329 2336; x_wconf 91' lang='lat' dir='ltr'><strong>non</strong></span> 
     </span>
     <span class='ocr_line' id='line_1_20' title="bbox 180 2374 1333 2456; baseline -0.002 -15"><span class='ocrx_word' id='word_1_164' title='bbox 180 2398 257 2441; x_wconf 85' lang='lat' dir='ltr'><strong>saxa</strong></span> <span class='ocrx_word' id='word_1_165' title='bbox 285 2397 344 2440; x_wconf 87' lang='lat' dir='ltr'><strong>nee</strong></span> <span class='ocrx_word' id='word_1_166' title='bbox 371 2374 455 2440; x_wconf 92' lang='lat' dir='ltr'><strong>muri</strong></span> <span class='ocrx_word' id='word_1_167' title='bbox 477 2396 535 2441; x_wconf 88' lang='lat' dir='ltr'><strong>neo</strong></span> <span class='ocrx_word' id='word_1_168' title='bbox 555 2375 693 2456; x_wconf 82' lang='lat' dir='ltr'><strong>fossata,</strong></span> <span class='ocrx_word' id='word_1_169' title='bbox 721 2376 774 2440; x_wconf 92' lang='lat' dir='ltr'><strong>sed</strong></span> <span class='ocrx_word' id='word_1_170' title='bbox 802 2376 908 2441; x_wconf 89' lang='lat' dir='ltr'><strong>unitas</strong></span> <span class='ocrx_word' id='word_1_171' title='bbox 931 2377 1048 2442; x_wconf 82' lang='lat' dir='ltr'><strong>nivium</strong></span> <span class='ocrx_word' id='word_1_172' title='bbox 1071 2376 1231 2441; x_wconf 86' lang='lat' dir='ltr'><strong>civitatem</strong></span> <span class='ocrx_word' id='word_1_173' title='bbox 1255 2375 1333 2439; x_wconf 89' lang='lat' dir='ltr'><strong>facit</strong></span> 
     </span>
     <span class='ocr_line' id='line_1_21' title="bbox 182 2480 1328 2565; baseline -0.001 -20"><span class='ocrx_word' id='word_1_174' title='bbox 182 2481 234 2564; x_wconf 89' lang='lat' dir='ltr'><strong>(de</strong></span> <span class='ocrx_word' id='word_1_175' title='bbox 256 2481 399 2565; x_wconf 90' lang='lat' dir='ltr'><strong>rescript.</strong></span> <span class='ocrx_word' id='word_1_176' title='bbox 425 2480 700 2560; x_wconf 81' lang='lat' dir='ltr'><strong>communitatum,</strong></span> <span class='ocrx_word' id='word_1_177' title='bbox 729 2481 767 2546; x_wconf 90' lang='lat' dir='ltr'><strong>de</strong></span> <span class='ocrx_word' id='word_1_178' title='bbox 789 2485 924 2546; x_wconf 87' lang='lat' dir='ltr'><strong>sentent.</strong></span> <span class='ocrx_word' id='word_1_179' title='bbox 949 2505 988 2547; x_wconf 85' lang='lat' dir='ltr'><strong>ex</strong></span> <span class='ocrx_word' id='word_1_180' title='bbox 1010 2481 1170 2546; x_wconf 88' lang='lat' dir='ltr'><strong>communi</strong></span> <span class='ocrx_word' id='word_1_181' title='bbox 1192 2481 1328 2565; x_wconf 88' lang='lat' dir='ltr'><strong>civitas).</strong></span> 
     </span>
     <span class='ocr_line' id='line_1_22' title="bbox 179 2584 1356 2671; baseline -0.005 -19"><span class='ocrx_word' id='word_1_182' title='bbox 179 2586 219 2652; x_wconf 90' lang='lat' dir='ltr'><strong>In</strong></span> <span class='ocrx_word' id='word_1_183' title='bbox 241 2584 339 2651; x_wconf 88' lang='lat' dir='ltr'><strong>Ulma</strong></span> <span class='ocrx_word' id='word_1_184' title='bbox 360 2591 467 2652; x_wconf 88' lang='lat' dir='ltr'><strong>autem</strong></span> <span class='ocrx_word' id='word_1_185' title='bbox 492 2590 539 2651; x_wconf 91' lang='lat' dir='ltr'><strong>est</strong></span> <span class='ocrx_word' id='word_1_186' title='bbox 561 2587 679 2651; x_wconf 86' lang='lat' dir='ltr'><strong>civium</strong></span> <span class='ocrx_word' id='word_1_187' title='bbox 700 2586 812 2671; x_wconf 91' lang='lat' dir='ltr'><strong>pulcra</strong></span> <span class='ocrx_word' id='word_1_188' title='bbox 834 2588 951 2652; x_wconf 86' lang='lat' dir='ltr'><strong>unitas.</strong></span> <span class='ocrx_word' id='word_1_189' title='bbox 987 2586 1113 2652; x_wconf 88' lang='lat' dir='ltr'><strong>Dicitur</strong></span> <span class='ocrx_word' id='word_1_190' title='bbox 1134 2587 1263 2669; x_wconf 88' lang='lat' dir='ltr'><strong>insuper</strong></span> <span class='ocrx_word' id='word_1_191' title='bbox 1285 2586 1331 2649; x_wconf 91' lang='lat' dir='ltr'><strong>ci·</strong></span> <span class='ocrx_word' id='word_1_192' title='bbox 1353 2640 1356 2645; x_wconf 92' lang='lat'>.</span> 
     </span>
     <span class='ocr_line' id='line_1_23' title="bbox 181 2691 1332 2778; baseline -0.001 -22"><span class='ocrx_word' id='word_1_193' title='bbox 181 2692 263 2757; x_wconf 88' lang='lat' dir='ltr'><strong>vitas</strong></span> <span class='ocrx_word' id='word_1_194' title='bbox 287 2692 496 2756; x_wconf 87' lang='lat' dir='ltr'><strong>communitas</strong></span> <span class='ocrx_word' id='word_1_195' title='bbox 519 2692 700 2778; x_wconf 85' lang='lat' dir='ltr'><strong>gubernata</strong></span> <span class='ocrx_word' id='word_1_196' title='bbox 715 2692 840 2778; x_wconf 81' lang='lat' dir='ltr'><strong>legibus</strong></span> <span class='ocrx_word' id='word_1_197' title='bbox 863 2693 937 2758; x_wconf 86' lang='lat' dir='ltr'><strong>latis</strong></span> <span class='ocrx_word' id='word_1_198' title='bbox 961 2693 1001 2757; x_wconf 89' lang='lat' dir='ltr'><strong>ab</strong></span> <span class='ocrx_word' id='word_1_199' title='bbox 1017 2715 1053 2758; x_wconf 92' lang='lat' dir='ltr'><strong>eo</strong></span> <span class='ocrx_word' id='word_1_200' title='bbox 1077 2693 1132 2777; x_wconf 92' lang='lat' dir='ltr'><strong>qui</strong></span> <span class='ocrx_word' id='word_1_201' title='bbox 1155 2691 1276 2757; x_wconf 88' lang='lat' dir='ltr'><strong>solvere</strong></span> <span class='ocrx_word' id='word_1_202' title='bbox 1299 2695 1332 2756; x_wconf 90' lang='lat' dir='ltr'><strong>et</strong></span> 
     </span>
     <span class='ocr_line' id='line_1_24' title="bbox 181 2797 1333 2882; baseline -0.001 -22"><span class='ocrx_word' id='word_1_203' title='bbox 181 2797 349 2862; x_wconf 88' lang='lat' dir='ltr'><strong>iust&#39;tuere</strong></span> <span class='ocrx_word' id='word_1_204' title='bbox 370 2797 531 2861; x_wconf 85' lang='lat' dir='ltr'><strong>civitatem</strong></span> <span class='ocrx_word' id='word_1_205' title='bbox 554 2800 660 2881; x_wconf 87' lang='lat' dir='ltr'><strong>potest</strong></span> <span class='ocrx_word' id='word_1_206' title='bbox 681 2797 801 2862; x_wconf 86' lang='lat' dir='ltr'><strong>scilieet</strong></span> <span class='ocrx_word' id='word_1_207' title='bbox 822 2798 974 2882; x_wconf 86' lang='lat' dir='ltr'><strong>principe.</strong></span> <span class='ocrx_word' id='word_1_208' title='bbox 1013 2797 1101 2862; x_wconf 81' lang='lat' dir='ltr'><strong>Talis</strong></span> <span class='ocrx_word' id='word_1_209' title='bbox 1122 2801 1229 2861; x_wconf 87' lang='lat' dir='ltr'><strong>autem</strong></span> <span class='ocrx_word' id='word_1_210' title='bbox 1245 2817 1333 2860; x_wconf 90' lang='lat' dir='ltr'><strong>com-</strong></span> 
     </span>
     <span class='ocr_line' id='line_1_25' title="bbox 93 2899 899 2987; baseline -0.001 -20"><span class='ocrx_word' id='word_1_211' title='bbox 93 2970 101 2985; x_wconf 63' lang='grc'>,</span> <span class='ocrx_word' id='word_1_212' title='bbox 183 2901 324 2967; x_wconf 87' lang='lat' dir='ltr'><strong>munitas</strong></span> <span class='ocrx_word' id='word_1_213' title='bbox 347 2904 396 2966; x_wconf 88' lang='lat' dir='ltr'><strong>est</strong></span> <span class='ocrx_word' id='word_1_214' title='bbox 417 2901 452 2965; x_wconf 92' lang='lat' dir='ltr'><strong>in</strong></span> <span class='ocrx_word' id='word_1_215' title='bbox 474 2899 583 2981; x_wconf 76' lang='lat' dir='ltr'><strong>Ulma,</strong></span> <span class='ocrx_word' id='word_1_216' title='bbox 607 2922 684 2987; x_wconf 83' lang='lat' dir='ltr'><strong>ergo</strong></span> <span class='ocrx_word' id='word_1_217' title='bbox 706 2905 755 2967; x_wconf 90' lang='lat' dir='ltr'><strong>est</strong></span> <span class='ocrx_word' id='word_1_218' title='bbox 777 2902 899 2967; x_wconf 83' lang='lat' dir='ltr'><strong>civitas.</strong></span> 
     </span>
    </p>

    <p class='ocr_par' dir='ltr' id='par_1_5' title="bbox 169 3005 1339 3933">
     <span class='ocr_line' id='line_1_26' title="bbox 270 3005 1332 3093; baseline 0.001 -21"><span class='ocrx_word' id='word_1_219' title='bbox 270 3005 409 3091; x_wconf 89' lang='lat' dir='ltr'><strong>Opidum</strong></span> <span class='ocrx_word' id='word_1_220' title='bbox 425 3007 538 3088; x_wconf 80' lang='lat' dir='ltr'><strong>etiam,</strong></span> <span class='ocrx_word' id='word_1_221' title='bbox 563 3007 717 3091; x_wconf 88' lang='lat' dir='ltr'><strong>scriptum</strong></span> <span class='ocrx_word' id='word_1_222' title='bbox 732 3029 789 3091; x_wconf 90' lang='lat' dir='ltr'><strong>per</strong></span> <span class='ocrx_word' id='word_1_223' title='bbox 804 3007 977 3093; x_wconf 83' lang='lat' dir='ltr'><strong>simplexp</strong></span> <span class='ocrx_word' id='word_1_224' title='bbox 999 3007 1040 3073; x_wconf 88' lang='lat' dir='ltr'><strong>ab</strong></span> <span class='ocrx_word' id='word_1_225' title='bbox 1063 3030 1122 3093; x_wconf 91' lang='lat' dir='ltr'><strong>ope</strong></span> <span class='ocrx_word' id='word_1_226' title='bbox 1144 3008 1195 3073; x_wconf 87' lang='lat' dir='ltr'><strong>vel</strong></span> <span class='ocrx_word' id='word_1_227' title='bbox 1218 3008 1332 3092; x_wconf 88' lang='lat' dir='ltr'><strong>opibus</strong></span> 
     </span>
     <span class='ocr_line' id='line_1_27' title="bbox 169 3110 1334 3197; baseline 0.002 -23"><span class='ocrx_word' id='word_1_228' title='bbox 169 3113 314 3192; x_wconf 10' lang='lat' dir='ltr'><strong>edictum,</strong></span> <span class='ocrx_word' id='word_1_229' title='bbox 339 3116 386 3177; x_wconf 87' lang='lat' dir='ltr'><strong>est</strong></span> <span class='ocrx_word' id='word_1_230' title='bbox 408 3110 522 3192; x_wconf 83' lang='lat' dir='ltr'><strong>Dima,</strong></span> <span class='ocrx_word' id='word_1_231' title='bbox 547 3114 632 3197; x_wconf 93' lang='lat' dir='ltr'><strong>quod</strong></span> <span class='ocrx_word' id='word_1_232' title='bbox 655 3134 747 3196; x_wconf 92' lang='lat' dir='ltr'><strong>opem</strong></span> <span class='ocrx_word' id='word_1_233' title='bbox 777 3116 809 3177; x_wconf 93' lang='lat' dir='ltr'><strong>et</strong></span> <span class='ocrx_word' id='word_1_234' title='bbox 830 3113 1060 3197; x_wconf 87' lang='lat' dir='ltr'><strong>protectionem</strong></span> <span class='ocrx_word' id='word_1_235' title='bbox 1083 3114 1149 3177; x_wconf 91' lang='lat' dir='ltr'><strong>suis</strong></span> <span class='ocrx_word' id='word_1_236' title='bbox 1171 3112 1334 3177; x_wconf 89' lang='lat' dir='ltr'><strong>inhabita-</strong></span> 
     </span>
     <span class='ocr_line' id='line_1_28' title="bbox 183 3213 1337 3302; baseline -0.001 -19"><span class='ocrx_word' id='word_1_237' title='bbox 183 3217 308 3283; x_wconf 87' lang='lat' dir='ltr'><strong>toribus</strong></span> <span class='ocrx_word' id='word_1_238' title='bbox 331 3215 394 3281; x_wconf 89' lang='lat' dir='ltr'><strong>fert</strong></span> <span class='ocrx_word' id='word_1_239' title='bbox 416 3221 448 3282; x_wconf 89' lang='lat' dir='ltr'><strong>et</strong></span> <span class='ocrx_word' id='word_1_240' title='bbox 469 3240 543 3302; x_wconf 89' lang='lat' dir='ltr'><strong>opes</strong></span> <span class='ocrx_word' id='word_1_241' title='bbox 560 3213 596 3282; x_wconf 86' lang='lat' dir='ltr'><strong>ac</strong></span> <span class='ocrx_word' id='word_1_242' title='bbox 611 3217 738 3284; x_wconf 83' lang='lat' dir='ltr'><strong>divitias</strong></span> <span class='ocrx_word' id='word_1_243' title='bbox 754 3240 819 3282; x_wconf 89' lang='lat' dir='ltr'><strong>non</strong></span> <span class='ocrx_word' id='word_1_244' title='bbox 835 3217 974 3282; x_wconf 88' lang='lat' dir='ltr'><strong>modicas</strong></span> <span class='ocrx_word' id='word_1_245' title='bbox 989 3218 1140 3282; x_wconf 88' lang='lat' dir='ltr'><strong>continet.</strong></span> <span class='ocrx_word' id='word_1_246' title='bbox 1176 3215 1337 3302; x_wconf 91' lang='lat' dir='ltr'><strong>Oppidum</strong></span> 
     </span>
     <span class='ocr_line' id='line_1_29' title="bbox 184 3322 1336 3408; baseline -0.003 -20"><span class='ocrx_word' id='word_1_247' title='bbox 184 3323 315 3408; x_wconf 89' lang='lat' dir='ltr'><strong>insuper</strong></span> <span class='ocrx_word' id='word_1_248' title='bbox 341 3345 398 3407; x_wconf 93' lang='lat' dir='ltr'><strong>per</strong></span> <span class='ocrx_word' id='word_1_249' title='bbox 420 3322 557 3407; x_wconf 86' lang='lat' dir='ltr'><strong>dupplex</strong></span> <span class='ocrx_word' id='word_1_250' title='bbox 580 3346 623 3407; x_wconf 92' lang='lat' dir='ltr'><strong>pp</strong></span> <span class='ocrx_word' id='word_1_251' title='bbox 654 3323 745 3407; x_wconf 89' lang='lat' dir='ltr'><strong>quasi</strong></span> <span class='ocrx_word' id='word_1_252' title='bbox 768 3322 952 3406; x_wconf 91' lang='lat' dir='ltr'><strong>oppositum</strong></span> <span class='ocrx_word' id='word_1_253' title='bbox 975 3323 1090 3387; x_wconf 90' lang='lat' dir='ltr'><strong>dicitur</strong></span> <span class='ocrx_word' id='word_1_254' title='bbox 1113 3326 1243 3406; x_wconf 86' lang='lat' dir='ltr'><strong>propter</strong></span> <span class='ocrx_word' id='word_1_255' title='bbox 1265 3344 1336 3386; x_wconf 91' lang='lat' dir='ltr'><strong>mu-</strong></span> 
     </span>
     <span class='ocr_line' id='line_1_30' title="bbox 185 3427 1337 3513; baseline -0.001 -20"><span class='ocrx_word' id='word_1_256' title='bbox 185 3451 293 3494; x_wconf 90' lang='lat' dir='ltr'><strong>rorum</strong></span> <span class='ocrx_word' id='word_1_257' title='bbox 316 3429 538 3513; x_wconf 81' lang='lat' dir='ltr'><strong>opositionem,</strong></span> <span class='ocrx_word' id='word_1_258' title='bbox 561 3427 637 3512; x_wconf 90' lang='lat' dir='ltr'><strong>qnia</strong></span> <span class='ocrx_word' id='word_1_259' title='bbox 654 3450 765 3492; x_wconf 91' lang='lat' dir='ltr'><strong>murus</strong></span> <span class='ocrx_word' id='word_1_260' title='bbox 791 3431 857 3493; x_wconf 91' lang='lat' dir='ltr'><strong>stat</strong></span> <span class='ocrx_word' id='word_1_261' title='bbox 880 3431 992 3493; x_wconf 86' lang='lat' dir='ltr'><strong>contra</strong></span> <span class='ocrx_word' id='word_1_262' title='bbox 1013 3450 1151 3508; x_wconf 81' lang='lat' dir='ltr'><strong>murum,</strong></span> <span class='ocrx_word' id='word_1_263' title='bbox 1173 3428 1256 3492; x_wconf 88' lang='lat' dir='ltr'><strong>siout</strong></span> <span class='ocrx_word' id='word_1_264' title='bbox 1270 3451 1337 3492; x_wconf 90' lang='lat' dir='ltr'><strong>me-</strong></span> 
     </span>
     <span class='ocr_line' id='line_1_31' title="bbox 185 3533 1338 3618; baseline -0.003 -19"><span class='ocrx_word' id='word_1_265' title='bbox 185 3535 238 3599; x_wconf 88' lang='lat' dir='ltr'><strong>nia</strong></span> <span class='ocrx_word' id='word_1_266' title='bbox 265 3535 419 3600; x_wconf 89' lang='lat' dir='ltr'><strong>interiora</strong></span> <span class='ocrx_word' id='word_1_267' title='bbox 450 3538 537 3600; x_wconf 86' lang='lat' dir='ltr'><strong>stant</strong></span> <span class='ocrx_word' id='word_1_268' title='bbox 565 3537 677 3599; x_wconf 89' lang='lat' dir='ltr'><strong>contra</strong></span> <span class='ocrx_word' id='word_1_269' title='bbox 708 3533 875 3599; x_wconf 87' lang='lat' dir='ltr'><strong>domorum</strong></span> <span class='ocrx_word' id='word_1_270' title='bbox 905 3555 1012 3599; x_wconf 92' lang='lat' dir='ltr'><strong>muros</strong></span> <span class='ocrx_word' id='word_1_271' title='bbox 1038 3557 1058 3598; x_wconf 92' lang='lat' dir='ltr'><strong>a</strong></span> <span class='ocrx_word' id='word_1_272' title='bbox 1079 3539 1171 3618; x_wconf 88' lang='lat' dir='ltr'><strong>parte</strong></span> <span class='ocrx_word' id='word_1_273' title='bbox 1192 3533 1338 3597; x_wconf 89' lang='lat' dir='ltr'><strong>interiori</strong></span> 
     </span>
     <span class='ocr_line' id='line_1_32' title="bbox 186 3638 1339 3723; baseline -0.001 -19"><span class='ocrx_word' id='word_1_274' title='bbox 186 3643 218 3704; x_wconf 91' lang='lat' dir='ltr'><strong>et</strong></span> <span class='ocrx_word' id='word_1_275' title='bbox 240 3644 353 3705; x_wconf 93' lang='lat' dir='ltr'><strong>contra</strong></span> <span class='ocrx_word' id='word_1_276' title='bbox 374 3662 482 3705; x_wconf 89' lang='lat' dir='ltr'><strong>muros</strong></span> <span class='ocrx_word' id='word_1_277' title='bbox 506 3640 699 3705; x_wconf 87' lang='lat' dir='ltr'><strong>exteriorum</strong></span> <span class='ocrx_word' id='word_1_278' title='bbox 721 3639 908 3705; x_wconf 91' lang='lat' dir='ltr'><strong>meniorum.</strong></span> <span class='ocrx_word' id='word_1_279' title='bbox 954 3638 1005 3703; x_wconf 82' lang='lat' dir='ltr'><strong>Ex</strong></span> <span class='ocrx_word' id='word_1_280' title='bbox 1027 3638 1090 3704; x_wconf 91' lang='lat' dir='ltr'><strong>alio</strong></span> <span class='ocrx_word' id='word_1_281' title='bbox 1114 3639 1266 3723; x_wconf 92' lang='lat' dir='ltr'><strong>oppidum</strong></span> <span class='ocrx_word' id='word_1_282' title='bbox 1290 3638 1339 3720; x_wconf 89' lang='lat' dir='ltr'><strong>di·</strong></span> 
     </span>
     <span class='ocr_line' id='line_1_33' title="bbox 186 3741 1337 3828; baseline -0.001 -21"><span class='ocrx_word' id='word_1_283' title='bbox 186 3744 271 3808; x_wconf 87' lang='lat' dir='ltr'><strong>citur</strong></span> <span class='ocrx_word' id='word_1_284' title='bbox 293 3747 379 3809; x_wconf 86' lang='lat' dir='ltr'><strong>terra</strong></span> <span class='ocrx_word' id='word_1_285' title='bbox 400 3746 529 3808; x_wconf 88' lang='lat' dir='ltr'><strong>murata</strong></span> <span class='ocrx_word' id='word_1_286' title='bbox 550 3765 615 3808; x_wconf 91' lang='lat' dir='ltr'><strong>non</strong></span> <span class='ocrx_word' id='word_1_287' title='bbox 637 3742 760 3808; x_wconf 91' lang='lat' dir='ltr'><strong>habens</strong></span> <span class='ocrx_word' id='word_1_288' title='bbox 782 3747 979 3828; x_wconf 83' lang='lat' dir='ltr'><strong>episcopum,</strong></span> <span class='ocrx_word' id='word_1_289' title='bbox 1002 3743 1085 3808; x_wconf 86' lang='lat' dir='ltr'><strong>sieut</strong></span> <span class='ocrx_word' id='word_1_290' title='bbox 1109 3742 1209 3809; x_wconf 87' lang='lat' dir='ltr'><strong>Ulma</strong></span> <span class='ocrx_word' id='word_1_291' title='bbox 1230 3741 1337 3827; x_wconf 85' lang='lat' dir='ltr'><strong>(Bald.</strong></span> 
     </span>
     <span class='ocr_line' id='line_1_34' title="bbox 186 3846 856 3933; baseline 0.001 -21"><span class='ocrx_word' id='word_1_292' title='bbox 186 3849 207 3913; x_wconf 91' lang='grc'><strong>1.</strong></span> <span class='ocrx_word' id='word_1_293' title='bbox 232 3846 258 3928; x_wconf 87' lang='grc' dir='ltr'><strong>Ι,</strong></span> <span class='ocrx_word' id='word_1_294' title='bbox 284 3869 309 3912; x_wconf 92' lang='lat' dir='ltr'><strong>c.</strong></span> <span class='ocrx_word' id='word_1_295' title='bbox 335 3869 406 3933; x_wconf 88' lang='lat' dir='ltr'><strong>quae</strong></span> <span class='ocrx_word' id='word_1_296' title='bbox 429 3849 473 3914; x_wconf 88' lang='lat' dir='ltr'><strong>sit</strong></span> <span class='ocrx_word' id='word_1_297' title='bbox 494 3848 592 3933; x_wconf 82' lang='lat' dir='ltr'><strong>longa</strong></span> <span class='ocrx_word' id='word_1_298' title='bbox 613 3847 822 3932; x_wconf 82' lang='lat' dir='ltr'><strong>consuetudo)</strong></span> <span class='ocrx_word' id='word_1_299' title='bbox 835 3848 856 3913; x_wconf 87' lang='lat'><strong>¹.</strong></span> 
     </span>
    </p>

    <p class='ocr_par' dir='ltr' id='par_1_6' title="bbox 188 3938 1339 4144">
     <span class='ocr_line' id='line_1_35' title="bbox 274 3938 1338 4036; baseline 0 -19"><span class='ocrx_word' id='word_1_300' title='bbox 274 3952 400 4017; x_wconf 88' lang='lat' dir='ltr'><strong>Dicitur</strong></span> <span class='ocrx_word' id='word_1_301' title='bbox 422 3952 516 4017; x_wconf 87' lang='lat' dir='ltr'><strong>etiam</strong></span> <span class='ocrx_word' id='word_1_302' title='bbox 541 3955 680 4017; x_wconf 88' lang='lat' dir='ltr'><strong>castrum</strong></span> <span class='ocrx_word' id='word_1_303' title='bbox 703 3951 795 4036; x_wconf 89' lang='lat' dir='ltr'><strong>qnasi</strong></span> <span class='ocrx_word' id='word_1_304' title='bbox 817 3974 890 4018; x_wconf 90' lang='lat' dir='ltr'><strong>casa</strong></span> <span class='ocrx_word' id='word_1_305' title='bbox 913 3938 989 4033; x_wconf 82' lang='lat' dir='ltr'><strong>alta,</strong></span> <span class='ocrx_word' id='word_1_306' title='bbox 1012 3952 1057 4019; x_wconf 88' lang='lat' dir='ltr'><strong>sic</strong></span> <span class='ocrx_word' id='word_1_307' title='bbox 1080 3957 1113 4019; x_wconf 88' lang='lat' dir='ltr'><strong>et</strong></span> <span class='ocrx_word' id='word_1_308' title='bbox 1133 3951 1230 4018; x_wconf 82' lang='lat' dir='ltr'><strong>Ulma</strong></span> <span class='ocrx_word' id='word_1_309' title='bbox 1253 3952 1338 4017; x_wconf 89' lang='lat' dir='ltr'><strong>anti·</strong></span> 
     </span>
     <span class='ocr_line' id='line_1_36' title="bbox 188 4055 1339 4144; baseline 0 -22"><span class='ocrx_word' id='word_1_310' title='bbox 188 4080 253 4144; x_wconf 92' lang='lat' dir='ltr'><strong>qna</strong></span> <span class='ocrx_word' id='word_1_311' title='bbox 274 4057 309 4121; x_wconf 91' lang='lat' dir='ltr'><strong>in</strong></span> <span class='ocrx_word' id='word_1_312' title='bbox 332 4057 485 4122; x_wconf 90' lang='lat' dir='ltr'><strong>eminenti</strong></span> <span class='ocrx_word' id='word_1_313' title='bbox 508 4056 578 4122; x_wconf 89' lang='lat' dir='ltr'><strong>loco</strong></span> <span class='ocrx_word' id='word_1_314' title='bbox 600 4057 705 4140; x_wconf 86' lang='lat' dir='ltr'><strong>posita</strong></span> <span class='ocrx_word' id='word_1_315' title='bbox 728 4055 844 4121; x_wconf 90' lang='lat' dir='ltr'><strong>dicitur</strong></span> <span class='ocrx_word' id='word_1_316' title='bbox 865 4061 1019 4136; x_wconf 81' lang='lat' dir='ltr'><strong>castrum3</strong></span> <span class='ocrx_word' id='word_1_317' title='bbox 1044 4057 1094 4122; x_wconf 86' lang='lat' dir='ltr'><strong>vel</strong></span> <span class='ocrx_word' id='word_1_318' title='bbox 1116 4079 1136 4122; x_wconf 89' lang='lat' dir='ltr'><strong>a</strong></span> <span class='ocrx_word' id='word_1_319' title='bbox 1157 4058 1339 4137; x_wconf 76' lang='lat' dir='ltr'><strong>castrando,</strong></span> 
     </span>
    </p>
   </div>
   <div class='ocr_carea' id='block_1_4' title="bbox 732 4200 774 4242">
    <p class='ocr_par' dir='ltr' id='par_1_7' title="bbox 732 4200 774 4242">
     <span class='ocr_line' id='line_1_37' title="bbox 732 4200 774 4242; baseline 0 0"><span class='ocrx_word' id='word_1_320' title='bbox 732 4231 735 4235; x_wconf 72' lang='lat'><strong>·</strong></span> <span class='ocrx_word' id='word_1_321' title='bbox 756 4200 774 4242; x_wconf 73' lang='lat' dir='ltr'><strong>s</strong></span> 
     </span>
    </p>
   </div>
   <div class='ocr_carea' id='block_1_5' title="bbox 191 4299 1340 4466">
    <p class='ocr_par' dir='ltr' id='par_1_8' title="bbox 191 4299 1340 4466">
     <span class='ocr_line' id='line_1_38' title="bbox 260 4299 1340 4374; baseline -0.001 -16"><span class='ocrx_word' id='word_1_322' title='bbox 260 4300 274 4358; x_wconf 90' lang='lat'>1</span> <span class='ocrx_word' id='word_1_323' title='bbox 293 4302 358 4360; x_wconf 69' lang='lat' dir='ltr'><strong>sion</strong></span> <span class='ocrx_word' id='word_1_324' title='bbox 382 4301 441 4359; x_wconf 78' lang='lat' dir='ltr'><strong>coe.</strong></span> <span class='ocrx_word' id='word_1_325' title='bbox 470 4300 519 4356; x_wconf 78' lang='lat' dir='ltr'><strong>nu.</strong></span> <span class='ocrx_word' id='word_1_326' title='bbox 540 4299 606 4355; x_wconf 85' lang='lat' dir='ltr'>v111</span> <span class='ocrx_word' id='word_1_327' title='bbox 630 4300 677 4357; x_wconf 76' lang='lat' dir='ltr'><strong>tic.</strong></span> <span class='ocrx_word' id='word_1_328' title='bbox 696 4303 738 4357; x_wconf 75' lang='lat' dir='ltr'><strong>sa.</strong></span> <span class='ocrx_word' id='word_1_329' title='bbox 774 4300 811 4374; x_wconf 87' lang='lat'><strong>(11</strong></span> <span class='ocrx_word' id='word_1_330' title='bbox 836 4318 858 4354; x_wconf 70' lang='lat' dir='ltr'><strong>a.</strong></span> <span class='ocrx_word' id='word_1_331' title='bbox 877 4301 936 4357; x_wconf 80' lang='lat' dir='ltr'><strong>ros.</strong></span> <span class='ocrx_word' id='word_1_332' title='bbox 972 4319 1048 4372; x_wconf 77' lang='lat' dir='ltr'><strong>corp.</strong></span> <span class='ocrx_word' id='word_1_333' title='bbox 1067 4300 1124 4371; x_wconf 74' lang='lat' dir='ltr'><strong>jur.</strong></span> <span class='ocrx_word' id='word_1_334' title='bbox 1147 4301 1191 4357; x_wconf 71' lang='lat' dir='ltr'><strong>eu.</strong></span> <span class='ocrx_word' id='word_1_335' title='bbox 1211 4301 1340 4359; x_wconf 74' lang='lat' dir='ltr'><strong>aanor.</strong></span> 
     </span>
     <span class='ocr_line' id='line_1_39' title="bbox 191 4391 373 4466; baseline -0.005 -18"><span class='ocrx_word' id='word_1_336' title='bbox 191 4391 263 4466; x_wconf 74' lang='lat' dir='ltr'><strong>urps.</strong></span> <span class='ocrx_word' id='word_1_337' title='bbox 286 4393 373 4464; x_wconf 79' lang='lat' dir='ltr'><strong>rios.)</strong></span> 
     </span>
    </p>
   </div>
   <div class='ocr_carea' id='block_1_6' title="bbox 0 0 1426 4964">
    <p class='ocr_par' dir='ltr' id='par_1_9' title="bbox 0 0 1426 4964">
     <span class='ocr_line' id='line_1_40' title="bbox 0 0 1426 4964; baseline 0 0"><span class='ocrx_word' id='word_1_338' title='bbox 0 0 1426 4964; x_wconf 95' lang='lat' dir='ltr'><strong> </strong></span> 
     </span>
    </p>
   </div>
  </div>
 </body>
</html>
