2806 4964
679 291 741 358 190

137 470 285 555 quaesivit
307 473 339 535 et
361 468 524 548 conclusit,
548 491 619 553 quae
642 470 675 533 in
699 468 786 553 picas
808 432 967 535 conversae
989 471 1023 534 in
1043 470 1216 556 perniciem
1238 471 1283 537 sui

137 577 310 642 detentoria
333 575 547 665 evolaverunt,
571 579 668 659 prout
691 573 823 639 Ovidius
846 576 959 640 recitat
985 579 1017 641 et
1039 575 1182 641 Isidorus
1206 577 1284 660 Ey-

135 683 253 766 molog.
277 686 441 746 memorat.
487 679 592 744 Huius
615 679 734 746 fabula
756 680 843 745 fictio
867 685 960 745 antro
978 685 1089 745 nostro
1111 682 1192 745 satis
1214 703 1284 745 oon·

136 788 240 865 venit,
264 786 339 871 qnia
361 787 476 851 chorus
499 786 664 851 Musarum
686 786 721 850 in
744 808 781 851 eo
803 787 1002 851 cantantium
1033 786 1159 852 ratione
1189 786 1285 850 dulcis

137 891 326 958 resonantiae
349 892 531 976 aptissimus
547 913 613 956 esse
628 894 766 974 poterat.
804 913 869 955 non
885 891 969 955 enim
984 891 1172 955 humanitus
1188 889 1284 955 fabri-

137 1002 208 1061 cata
230 997 299 1062 loca
321 997 359 1061 ad
383 998 577 1060 cantandum
591 996 766 1075 intrabant,
791 996 845 1062 sed
862 1019 932 1081 quae
947 999 1064 1060 natura
1080 999 1156 1079 apta
1171 995 1287 1061 fecerat

136 1103 169 1166 in
192 1103 363 1182 montibus,
387 1102 476 1166 silvis
499 1106 532 1167 εὴ
554 1103 685 1167 desertis
708 1103 794 1181 locis,
825 1103 900 1187 qnia
922 1124 994 1167 cum
1016 1107 1120 1167 essent
1144 1102 1210 1166 deae
1233 1106 1286 1165 aut

137 1207 190 1287 dii,
213 1230 276 1272 non
301 1212 370 1272 erat
392 1229 500 1272 earum
523 1208 720 1272 conversatio
752 1229 823 1272 cum
855 1206 1056 1286 hominibus,
1088 1207 1165 1272 licet
1192 1207 1285 1272 etiam

136 1314 281 1398 quadam
313 1311 414 1378 Musae
446 1312 497 1376 vel
528 1311 690 1397 Nymphae
723 1311 880 1377 humanas
909 1312 1060 1396 legantur
1090 1311 1286 1376 inhabitasse

137 1420 228 1497 ades,
252 1441 316 1483 non
338 1422 444 1481 tamen
461 1417 522 1481 nisi
539 1417 646 1482 eiectis
661 1418 854 1482 hominibus.
900 1415 1042 1482 Inventis
1062 1421 1172 1481 antem
1188 1415 1286 1480 Musis

135 1547 155 1588 a
170 1521 350 1608 Pyrtheneo
365 1522 512 1606 Giganta,
536 1521 686 1587 advoluta
707 1523 791 1587 mole
806 1544 841 1587 os
856 1523 1011 1607 speluncae
1027 1522 1194 1601 conclusit,
1218 1543 1285 1606 quae

136 1629 233 1694 moles
256 1629 351 1693 hodie
372 1628 419 1692 ibi
442 1632 498 1692 est.
537 1628 591 1692 sed
613 1626 703 1692 Jovis
734 1628 834 1711 patris
865 1650 973 1692 earum
995 1627 1144 1692 invocato
1168 1626 1284 1691 auxilio

136 1756 210 1798 mox
225 1734 258 1797 in
275 1735 361 1818 picas
377 1755 535 1799 conversae
552 1756 606 1817 per
621 1732 777 1813 foramen,
794 1734 878 1818 quod
898 1736 946 1798 est
961 1732 1120 1817 speluncae
1137 1733 1284 1811 fenestra,

137 1839 350 1903 evolaverunt.
375 1843 407 1903 et
427 1839 501 1902 inde
516 1859 616 1923 genus
630 1837 691 1902 hoo
706 1837 813 1902 avium
835 1838 978 1924 auguriis
1001 1841 1113 1921 aptum
1136 1860 1194 1921 per
1209 1835 1283 1901 Sue-

137 1943 221 2008 viam
244 1948 275 2009 et
298 1943 498 2008 Alemaniam
520 1948 568 2007 est
596 1943 757 2007 diffusum.
804 1940 953 2008 Cessante
984 1947 1091 2007 autem
1123 1942 1284 2006 Musarum

136 2050 200 2114 ritu
224 2049 389 2114 homicida
419 2053 452 2113 et
478 2047 619 2136 latrones
652 2070 779 2132 specum
809 2046 991 2112 inhabitare
1023 2053 1200 2132 coeperunt.
1233 2032 1285 2132 pro

137 2176 271 2239 quorum
302 2153 497 2238 repressione
529 2152 658 2237 quidam
688 2156 867 2236 praepotens
891 2149 1011 2217 Saevus
1040 2153 1075 2217 in
1105 2153 1285 2218 summitate

137 2261 224 2343 rupis
247 2280 351 2323 arcem
367 2259 476 2335 erexit,
500 2279 595 2341 quarn
618 2260 728 2341 postea
751 2257 912 2340 praedones
933 2256 1166 2324 inhabitavere.
1207 2258 1284 2343 quod

136 2364 276 2449 regionis
298 2362 409 2428 incolae
431 2361 516 2426 ferre
538 2383 603 2426 non
636 2355 793 2440 valentes,
827 2382 930 2426 arcem
962 2361 1065 2445 ipsam
1095 2363 1280 2427 deiecerunt.

136 2492 174 2532 ex
197 2490 259 2553 qua
282 2471 387 2531 tamen
411 2466 511 2550 usqne
532 2463 626 2530 hodie
648 2466 747 2530 ruinae
770 2466 926 2531 videntur.

25 2574 135 2653 „fflp
224 2571 301 2636 Inde
316 2595 373 2656 per
388 2572 570 2636 descensum
589 2570 820 2655 progrediendo
841 2570 1076 2654 aliquantulum
1092 2572 1188 2636 vallis
1204 2595 1284 2657 quae·

137 2680 210 2742 dam
240 2676 399 2761 profunda
430 2679 461 2740 et
491 2675 588 2760 longa
618 2675 703 2758 ipsas
726 2673 901 2739 Suevorum
933 2677 1019 2759 alpes
1050 2677 1177 2742 scindit.
1211 2677 1285 2742 unde

138 2784 234 2848 etiam
257 2807 280 2857 a,
298 2783 347 2847 sui
363 2781 581 2866 profunditate
603 2803 719 2844 nomen
742 2780 777 2844 in
793 2780 920 2865 vulgari
943 2781 1050 2860 hahet,
1075 2782 1160 2865 quod
1177 2782 1285 2845 dicitur

138 2891 193 2953 das
217 2888 399 2953 Tiefenthal
417 2886 438 2951 ¹.
482 2885 520 2950 ln
543 2885 603 2950 hac
626 2885 709 2950 valle
732 2885 870 2950 occurrit
900 2887 932 2949 in
956 2885 1038 2950 clivo
1061 2887 1182 2951 montis
1209 2887 1286 2951 inter

137 3016 231 3078 rupes
255 3016 289 3057 os
312 2992 469 3076 speluncae
485 2991 606 3076 grande
630 2995 662 3056 et
684 2995 795 3074 patens
811 3013 869 3074 per
892 2992 977 3075 quod
1000 2991 1165 3076 ingressus
1189 2997 1238 3056 est
1258 2993 1286 3054 in

136 3101 322 3165 horribilem
346 3104 378 3164 et
401 3099 602 3162 tenebrosum
620 3096 970 3181 profundissimumque
993 3119 1122 3181 specum
1138 3098 1173 3160 in
1197 3118 1286 3182 penc-

137 3206 232 3270 tralia
264 3209 442 3288 petrarum,
476 3204 513 3267 de
545 3225 607 3287 quo
635 3224 732 3285 supra
763 3201 882 3265 mentio
905 3201 991 3267 facta
1013 3205 1077 3279 est,
1110 3201 1284 3286 fuissetque

138 3311 303 3395 aptissima
326 3333 436 3394 specus
458 3331 516 3394 pro
540 3306 689 3372 exercitio
713 3306 992 3390 superst'tionum,
1025 3305 1144 3391 quibus
1168 3305 1287 3392 antiqui

137 3438 250 3481 vacare
274 3416 429 3480 solebant.

109 3554 129 3609 '.
226 3519 394 3586 ²Ulterius
411 3518 623 3585 descendendo
645 3541 701 3602 per
717 3519 832 3583 vallem
848 3518 938 3583 fluvii
954 3517 1023 3583 Ach
1047 3522 1096 3582 est
1119 3516 1287 3583 Wilerium

135 3625 221 3706 villa,
243 3627 278 3690 in
295 3648 358 3709 qua
372 3627 468 3690 etiam
484 3625 603 3690 evomit
616 3628 702 3689 terra
724 3624 857 3708 largiter
880 3646 978 3708 aquas
993 3645 1086 3688 sanas
1111 3630 1144 3689 et
1166 3624 1283 3701 bonas;

137 3753 195 3796 nec
217 3732 369 3796 vomitem
402 3730 494 3795 illum
530 3729 639 3808 credo,
673 3729 701 3793 si
724 3725 849 3813 a‘ntiqui
880 3714 957 3793 enm¹
974 3728 1141 3810 viderunt,
1174 3730 1289 3814 absque

138 3835 271 3900 delubro
286 3834 509 3918 Nympharum
533 3835 639 3914 fuisse,
663 3834 751 3898 cuius
773 3835 841 3899 loco
864 3855 960 3919 supra
976 3834 1130 3898 vomitem
1152 3841 1203 3900 est
1219 3835 1289 3900 reli·

138 3942 246 4028 giosus
266 3945 438 4004 conventus
462 3944 493 4004 et
508 3938 715 4002 reclusorium
731 3939 908 4002 velatarum
931 3939 1102 4023 virginum,
1128 3941 1215 4024 quod
1231 3939 1290 4005 talc

716 4068 733 4100 ll·

210 4124 221 4175 l
237 4121 288 4174 das
303 4121 403 4176 'luftal
414 4121 486 4177 Mon.
501 4122 524 4175 1.
555 4120 605 4174 das
618 4119 750 4175 Tieffthal
766 4121 824 4172 Sch.
841 4120 885 4175 Kl.
917 4111 1087 4173 Tieffenthal
1100 4119 1189 4174 Wibl.
1204 4118 1287 4175 Schm.

137 4211 209 4281 quod
229 4210 332 4264 dicitur
351 4208 423 4263 fehlt
441 4209 486 4263 bei
505 4207 663 4262 denselben.
752 4206 827 4263 aue
845 4207 994 4263 reclusorio
1007 4205 1098 4261 Wiler
1116 4207 1220 4272 haben,
1239 4208 1287 4261 den

137 4299 200 4354 titel
220 4298 441 4362 wiederholend‚
472 4298 514 4350 als
538 4313 628 4351 neuen
646 4296 711 4350 titel
732 4294 793 4350 Sch.
813 4296 857 4352 Kl.
877 4295 962 4349 Wibl.
988 4294 1045 4348 und
1069 4294 1160 4349 Schm.
1197 4295 1287 4350 Dieser

138 4387 265 4442 bemerkt
285 4386 428 4442 deneben:
450 4385 533 4439 »Tria
551 4385 610 4438 haec
630 4385 716 4439 verba
734 4401 790 4438 non
808 4383 922 4439 suntin
941 4381 1010 4437 edit.
1030 4381 1159 4440 Goldast.
