2806 4964
666 313 729 381 140

123 493 253 572 Suevia,
289 493 372 556 unde
395 492 491 555 nullis
515 491 655 575 antiquis
686 490 845 555 codicibus
868 489 1058 574 inscriptum
1087 491 1275 574 reperimus.
1331 474 1333 487 ¹

124 598 189 664 Sub
214 599 306 661 unius
330 597 414 660 enim
437 597 564 661 abbatis
588 595 742 680 regimine
765 596 863 680 longa
888 595 1025 660 marcuit
1047 595 1166 660 inertia
1189 597 1276 661 etin

126 725 159 768 se
182 703 346 767 tabescens
379 703 577 767 somnolento
601 724 731 784 corpore
755 702 901 785 depressa
930 720 988 766 nec
1009 702 1136 766 ratione
1160 701 1275 786 viguit,
1348 764 1351 769 .

28 818 113 898 ,figgp
127 830 185 873 nec
207 808 327 872 divitiis
350 807 468 885 floruit,
492 828 549 871 nec
572 806 776 871 multitudine
799 807 916 886 crevit,
940 808 994 871 sed
1017 806 1125 871 vivens
1149 812 1276 872 mortua

127 915 194 978 sine
216 914 344 977 nomine
367 912 508 976 etfama
531 913 621 996 quasi
644 911 755 996 cyfra¹
778 912 877 976 stetit.
901 912 1008 976 subito
1030 901 1139 977 autern
1154 911 1275 977 haerens

126 1018 218 1082 fatali
251 1021 330 1082 rotae
353 1020 387 1080 in
409 1017 567 1081 excelsum
596 1020 645 1081 est
668 1022 755 1095 acta,
789 1020 820 1081 et
841 1015 927 1080 inter
957 1016 1113 1102 gloriasas
1137 1021 1171 1082 et
1194 1018 1275 1081 anti·
1381 1045 1399 1097 χ

128 1123 295 1207 quissimas
319 1144 355 1187 ac
377 1123 549 1186 ditissimas
572 1126 621 1186 est
642 1121 762 1200 locata,
794 1121 959 1185 nominata
981 1125 1014 1185 et
1035 1121 1161 1186 famosa
1183 1123 1275 1202 facta,
1380 1105 1403 1132 ¹

128 1229 206 1292 adeo
229 1233 266 1293 ut
288 1249 373 1292 nnnc
395 1228 523 1292 domina
545 1227 587 1291 sit
602 1226 872 1291 nobilissimorum
895 1227 1105 1291 comitatuum
1127 1231 1161 1292 et
1184 1227 1275 1292 baro·
1400 1207 1401 1225 ¹

128 1333 271 1413 marum,
294 1334 523 1411 dominiorum,
556 1332 761 1416 oppidorum,
786 1332 953 1412 villarum,
977 1335 1171 1411 castrorum,
1195 1355 1277 1397 cam-

129 1459 252 1521 porum,
269 1438 432 1517 silvarum,
449 1437 628 1521 habeatque
644 1436 785 1502 illustres
801 1439 941 1517 comites,
958 1459 1128 1523 generosos
1146 1438 1277 1503 barones

130 1548 162 1607 et
184 1547 329 1608 strenuos
351 1543 486 1621 milites,
516 1564 551 1606 ac
572 1542 715 1626 insignes
748 1543 973 1627 quamplures
995 1542 1138 1623 nobiles,
1173 1566 1278 1608 servos

131 1652 162 1712 et
193 1648 345 1725 famulos,
382 1649 485 1731 sitque
516 1648 682 1712 horrendis
705 1649 900 1732 principibus
929 1647 1137 1728 formidini&
1170 1652 1279 1714 contra

132 1774 209 1835 quos
232 1753 418 1837 plerumque
441 1754 555 1836 proelia
577 1753 777 1818 concitantur
800 1777 838 1818 ex
861 1777 913 1834 ea,
944 1756 983 1818 ad
1006 1777 1103 1839 quam
1126 1758 1280 1839 tanquam

132 1858 171 1920 ad
195 1861 290 1940 caput
312 1860 380 1921 tota
404 1856 519 1922 Suevia
541 1861 718 1942 respectum
742 1857 849 1923 habet.
896 1858 1084 1923 Observatio
1106 1859 1193 1924 enim
1216 1863 1280 1922 tra·
1325 1892 1370 1904 -

133 1963 270 2026 ditarum
294 1985 423 2027 suarum
445 1963 554 2048 legum
576 1964 697 2027 civibus
729 1963 794 2028 illis
817 1965 924 2029 oculos
947 1964 1089 2048 aperuit,
1124 1965 1280 2030 rationem
1302 1985 1378 2027 ,ιι

133 2054 227 2147 acuit,
252 2069 425 2147 audaciam,
448 2069 540 2147 vires,
565 2070 742 2151 potentiam
765 2073 797 2133 et
820 2070 947 2134 divitias
971 2070 1089 2134 attulit.

220 2176 264 2240 Et
287 2176 371 2260 quod
393 2174 510 2239 mirum
533 2175 617 2239 dictu
642 2179 704 2254 est,
739 2175 879 2260 quinque
901 2176 1071 2261 magnifica
1093 2179 1126 2240 et
1148 2175 1391 2261 grandia-ea

134 2303 229 2363 opere
252 2281 395 2365 aggressi
411 2283 495 2359 sunt,
520 2302 590 2363 quae
607 2281 697 2364 quasi
714 2303 776 2344 uno
800 2285 832 2345 et
847 2281 955 2346 eodem
972 2285 1114 2364 tempore
1129 2281 1165 2344 in
1180 2282 1393 2364 spacioso

134 2387 368 2471 quinquaginta
397 2407 553 2449 annorum
584 2385 802 2468 perfecerunt,
833 2408 904 2469 quae
934 2385 961 2449 si
993 2386 1063 2469 quis
1091 2389 1207 2468 potens
1230 2400 1397 2450 roxa

134 2492 228 2555 simul
243 2491 379 2569 fecisset,
405 2490 513 2574 procui
531 2490 627 2554 dubio
643 2490 866 2574 magnanimus
890 2494 922 2555 et
937 2490 1040 2555 audax
1061 2493 1159 2574 atque
1174 2493 1311 2574 potens
1321 2504 1398 2548 ms

135 2598 324 2680 praedicatus
340 2596 462 2660 fuisset.
486 2593 554 2660 haec
578 2595 718 2679 quinque
734 2594 901 2660 Ulmenses
924 2595 1033 2659 eodem
1048 2597 1192 2678 tempore
1216 2618 1299 2680 per-
1309 2610 1399 2653 ‘1-

134 2701 288 2780 fecsrunt,
306 2702 388 2765 sicut
402 2700 535 2784 patebit.
559 2700 698 2783 primum
714 2701 777 2763 fuit
787 2700 925 2763 civitatis
941 2699 1086 2763 munitio.
1112 2701 1399 2764 secundumn

136 2807 274 2870 ecclesiae
297 2807 399 2870 beatae
422 2805 567 2890 Virginis
590 2806 745 2872 fundatio.
781 2806 912 2870 tertium
935 2805 1123 2890 proeliorum
1146 2808 1178 2870 et
1202 2797 1397 2870 obsi-ii-

138 2912 269 2975 dionnm
291 2912 460 2994 perpessio.
484 2915 634 2996 quartum
652 2911 862 2974 dominiorum
885 2911 919 2973 in
935 2932 1016 2995 gyro
1039 2911 1169 2993 emptio.
1194 2911 1279 2995 quin·
1287 2923 1397 2971 Π·

137 3021 207 3081 tum
229 3015 368 3080 civitatis
392 3039 410 3078 a
433 3016 597 3080 monachis
621 3015 796 3099 redemptio
814 3015 836 3079 ³.

132 3127 133 3131 ’
223 3121 273 3186 De
295 3122 398 3205 primo
414 3123 598 3201 notandum,
623 3123 706 3207 quod
730 3123 805 3186 dum
827 3121 939 3186 civitas
956 3119 1118 3186 Ulmensis
1136 3123 1273 3207 ampliat
1282 3115 1395 3181 dtu

137 3234 228 3307 esset,
252 3232 288 3292 ut
311 3250 408 3310 supra
431 3227 636 3307 dictumest,
670 3229 781 3292 multis
805 3229 897 3291 annis
920 3227 1011 3291 stetit
1033 3228 1102 3292 sine
1125 3240 1392 3293 murorurztm

139 3334 279 3412 ambitu,
310 3332 431 3397 civibus
455 3333 489 3396 in
519 3334 676 3398 erectione
698 3334 900 3417 propriarum
927 3333 1094 3396 domorum
1117 3333 1299 3418 occupatis
1320 3323 1389 3388 is·

140 3444 322 3523 atempore
352 3439 436 3501 enim
460 3437 595 3502 Conradi
626 3439 727 3521 regiS,
759 3438 814 3522 qui
837 3437 900 3501 fuit
934 3459 1017 3500 anno
1051 3437 1173 3501 domini
1201 3439 1303 3502 1132
1316 3429 1388 3508 39,

139 3567 239 3627 usque
270 3545 308 3608 ad
333 3566 450 3608 annum
483 3544 602 3607 domini
627 3544 710 3607 1300
742 3543 809 3606 sine
839 3540 938 3605 muris
962 3539 1059 3605 Ulma
1098 3542 1193 3626 quasi
1215 3533 1386 3606 viltha

141 3650 240 3727 stetit,
264 3673 302 3712 ex
326 3671 388 3731 quo
411 3648 504 3713 hodie
527 3649 651 3713 famant
667 3647 796 3712 Uimam
820 3647 931 3711 villam
953 3647 1060 3712 fuisse.
1105 3648 1198 3713 Cives
1216 3662 1382 3733 ergo

141 3759 302 3838 assumpto
319 3756 424 3819 animo
436 3757 555 3819 fossata
571 3755 719 3819 foderunt
734 3753 893 3838 profunda
908 3775 964 3836 per
975 3775 1102 3838 gyrum,
1119 3757 1152 3818 et
1164 3770 1377 3818 murusm

141 3884 212 3925 cum
234 3861 376 3924 turribus
392 3860 677 3939 circumduxerunt,
703 3883 818 3943 aquam
834 3858 940 3923 Blavii
963 3859 1149 3924 inducentes
1172 3863 1206 3924 et
1226 3853 1370 3922 cii'r·

706 4020 723 4059 *

210 4133 223 4184 1
244 4129 322 4199 cyfre
340 4129 472 4183 bedeutet
484 4127 534 4182 das
547 4127 724 4183 zahlzeichen
738 4129 763 4192 0,
783 4127 844 4183 eine
856 4127 926 4181 null.
982 4127 998 4179 2
1011 4126 1161 4182 horrendis
1177 4127 1240 4181 Mon
1267 4163 1313 4176 -
1328 4127 1346 4180 1.

141 4218 222 4274 Gold.
236 4220 276 4273 ut.
313 4217 457 4272 formidini
475 4215 622 4270 dieselben.
659 4217 829 4272 horrendum
852 4215 1025 4287 principibus
1044 4213 1207 4270 formidinm
1226 4211 1334 4269 Set.

141 4307 185 4358 Kl.
205 4307 290 4362 Wibt.
345 4307 361 4356 3
381 4306 446 4358 Haec
466 4303 588 4372 quinque
609 4304 842 4374 Vlmensesquasi
856 4304 952 4359 ecdem
966 4306 1093 4375 tempore
1106 4300 1322 4373 perfecerant,

141 4392 234 4464 sicque
251 4392 361 4463 patebit
380 4393 444 4461 fugt
463 4391 546 4445 hinnu
565 4390 655 4447 Schm.
