2806 4964
667 370 732 438 209

122 548 295 613 salvatoris
318 518 435 628 mitri,
466 548 522 632 qni
544 547 666 612 meritis
697 569 763 612 suae
785 547 981 612 intemeratae
1005 548 1139 632 virginis
1163 550 1274 613 matris

121 652 237 718 Mariae
260 654 366 718 mein
390 655 578 740 evagatione
601 653 641 718 ab
658 653 755 720 Ulma
778 675 877 737 usque
899 654 1043 718 interrae
1066 659 1183 719 sanctae
1207 656 1275 719 loca

122 761 238 825 ducere
253 759 377 824 salvum
400 764 432 824 et
447 760 594 825 reducere
616 760 846 843 dignatusest,
870 759 921 823 cui
935 759 978 823 sit
1000 759 1102 823 honor
1125 764 1156 824 et
1172 760 1275 844 gloria

121 887 180 949 per
203 865 332 930 infinita
354 866 532 930 seculorum
555 865 669 929 secula.
715 862 819 929 Amen
832 863 853 929 ¹.

214 1073 226 1110 ²
241 1075 352 1140 Cetera
365 1097 435 1158 quae
443 1073 575 1158 promisi
587 1073 724 1138 scribere
732 1079 973 1158 consequentur,
991 1073 1274 1140 decontinuatione
1383 1135 1384 1138 ,

121 1180 282 1245 chronicae
297 1175 437 1244 civitatis
456 1178 613 1244 Ulmensis
629 1178 774 1262 specialis
790 1178 917 1243 libellus
933 1179 1033 1245 stabit
1048 1179 1269 1244 conficiendos.

121 1284 175 1350 Ad
199 1295 338 1369 praesens
362 1284 502 1361 sufficiat
524 1288 651 1348 tantum
675 1289 846 1368 evagatum
868 1284 977 1350 fuisse.

213 1389 336 1469 Veleia
360 1390 516 1455 carissimi
546 1389 679 1468 fratres,
712 1394 744 1454 et
773 1412 846 1458 eum
867 1391 927 1454 hoe
953 1390 1137 1474 evagatorio
1160 1391 1273 1475 agatis,

121 1499 160 1560 ut
182 1496 217 1559 in
241 1495 376 1580 epistola
398 1517 453 1579 per
475 1517 526 1558 me
549 1495 639 1559 vobis
655 1496 760 1574 missa,
785 1518 855 1580 quas
871 1496 905 1560 in
927 1496 1083 1580 principio
1099 1497 1275 1581 evagatorii

121 1600 272 1680 habetur,
296 1623 351 1664 vos
374 1601 525 1665 sincerius
548 1604 580 1665 et
603 1601 750 1665 seriosius
774 1602 894 1686 rogari.
940 1601 1008 1666 Deo
1030 1599 1182 1688 gratiasi.

692 1743 709 1778 *

196 1833 208 1887 l
230 1833 297 1888 Hier
307 1833 392 1889 endet
406 1835 477 1891 lion.
494 1837 516 1888 l.
537 1834 593 1888 und
607 1834 686 1892 Gold.
706 1839 830 1906 uterque.
868 1839 942 1895 Mon.
958 1841 981 1893 1.
994 1840 1065 1894 setzt
1078 1839 1177 1893 hinzu:
1195 1839 1273 1893 Finit

121 1921 257 1977 foeliciter
275 1921 424 1993 descriptio
444 1920 602 1978 Germania
620 1923 753 1995 partialis
772 1942 805 1979 ac
823 1925 962 1996 praecipne
981 1926 1103 1993 regionis
1116 1925 1224 1982 Suevioe
1244 1930 1274 1982 et

122 2008 252 2064 civitatis
272 2009 361 2064 Ulmoe
387 2027 448 2065 cum
478 2013 655 2068 monasteriis
679 2012 952 2079 circumiacentibus,
978 2013 1057 2068 edita
1081 2031 1130 2084 per
1155 2016 1273 2070 fratrem

122 2096 247 2151 Felicem
266 2096 371 2152 ordinis
389 2098 615 2168 predicatorum,
635 2099 684 2169 qui
703 2103 808 2156 terram
828 2103 954 2155 sanctam
978 2105 1007 2155 et
1025 2101 1181 2156 Jerusalem
1199 2119 1276 2171 pere·

122 2182 266 2252 grinando
285 2184 327 2238 bis
345 2185 531 2255 perlustravit
550 2187 587 2241 ad
606 2187 730 2243 laudem·
742 2187 798 2244 Dei.
859 2189 875 2242 2
894 2187 1038 2244 Conclusio
1061 2189 1154 2243 finalis
1172 2206 1276 2259 evaga-

123 2271 192 2328 torii
211 2271 320 2326 Fratris
338 2273 436 2328 Felicis
454 2272 553 2340 Fabri,
572 2274 715 2330 clauditur
733 2277 785 2331 sub
802 2277 856 2331 hac
873 2279 964 2333 torma
989 2294 1039 2347 per
1062 2294 1133 2332 eum.
1159 2278 1231 2333 Mon.
1250 2279 1275 2335 2.

125 2361 221 2414 cetera
240 2399 247 2413 .
268 2400 275 2412 .
295 2401 301 2414 .
321 2400 328 2414 .
347 2362 447 2430 rogari
465 2361 558 2416 haben
577 2360 664 2418 ausser
691 2364 765 2419 Mon.
784 2365 810 2418 2.
834 2365 907 2419 auch
931 2365 993 2419 Sch.
1019 2364 1076 2418 und
1095 2364 1139 2418 die
1159 2364 1275 2419 andern.

123 2449 140 2503 3
159 2447 219 2503 Deo
237 2449 347 2517 gratias
365 2449 416 2505 hat
426 2449 500 2507 Mon.
510 2451 534 2504 2.
544 2451 630 2506 nicht.
667 2452 716 2509 Eh.
728 2451 818 2507 Schm.
839 2452 896 2505 und
910 2451 996 2506 Wibl.
1010 2454 1104 2506 setzen
1122 2451 1179 2506 bei:
1200 2451 1276 2505 Finis

124 2535 251 2592 historiae
279 2536 405 2591 civitatis
434 2537 573 2593 Ulmensis
598 2557 649 2610 per
673 2540 802 2596 Fratrem
827 2540 1021 2596 Praedicatoris
1047 2541 1092 2608 (s.)
1118 2539 1223 2595 ordinis
1245 2540 1276 2594 in

124 2623 210 2678 Ulma
238 2623 288 2678 Dn.
313 2624 433 2680 Felicem
455 2625 540 2680 Fabri
565 2626 710 2697 descripta
741 2643 815 2682 anno
842 2628 879 2681 ab
904 2627 1098 2686 incarnatione
1117 2626 1228 2682 Domini
1247 2629 1276 2682 et

124 2711 284 2767 Salvatoris
303 2713 392 2768 nostri
410 2713 476 2768 Jesn
495 2713 598 2768 Christi
620 2714 695 2768 1484.
731 2714 796 2772 (lod.
815 2705 889 2771 idon.
902 2715 927 2771 2.
946 2713 1080 2768 schliesst:
1101 2713 1223 2783 Explicit
1240 2714 1275 2768 ta

124 2817 191 2940 iim
210 2799 379 2869 evagatorii.
412 2800 442 2855 F.
468 2800 497 2853 F.
517 2801 545 2855 F.
566 2800 670 2858 ordinis
694 2802 923 2872 praedieatorum‚
942 2803 1097 2875 predicans
1123 2805 1276 2858 conventus

151 2887 275 2941 lmensis.
