2806 4964
669 336 730 400 142

221 506 364 574 ¹Eodem
387 511 452 575 fere
473 515 615 594 tempore
639 511 856 576 deficientibus
870 510 1032 576 nobilibus
1048 511 1225 576 comitibus
1248 511 1281 576 de

33 610 322 690 p‘jf’t‘lfflelfaatein'
341 621 414 698 post
433 616 548 680 multas
575 617 786 682 revolutiones
805 623 836 682 et
857 617 1027 704 vertigines
1044 621 1189 681 castrum
1205 615 1278 680 Hel·

127 719 243 785 fastein
259 744 329 786 cum
352 722 468 806 oppido
492 720 700 807 Geislingen³
716 728 749 788 et
764 724 946 788 universum
957 723 1137 788 dominium
1151 722 1234 786 illud
1248 723 1274 786 in

126 827 227 891 latum
250 831 282 892 et
304 829 336 892 in
353 829 486 914 longum
508 849 581 892 cum
597 829 692 908 villis,
716 830 839 908 cestrie,
863 828 1000 913 praediis,
1023 827 1271 912 possessionibus

127 934 158 995 et
181 934 328 998 omnibus
354 935 486 998 teloneis
510 934 542 998 in
567 938 684 999 sortem
707 932 910 1000 Ulmensinm
932 934 1055 1012 cecidit,
1078 955 1139 1018 pro
1163 933 1269 1017 quibus

126 1039 273 1103 omnibus
289 1039 452 1123 ingentem
469 1041 537 1104 auri
554 1039 740 1104 thesaurum
755 1040 914 1124 praedictis
927 1038 1097 1104 comitibus
1113 1038 1266 1102 dederunt

126 1145 159 1206 in
181 1143 241 1208 bac
275 1145 434 1228 emptione
466 1144 606 1228 practica
639 1145 818 1209 invidorum
852 1146 938 1209 trina
969 1144 1037 1208 vice
1067 1144 1107 1207 de
1129 1143 1265 1207 manibus

126 1247 325 1314 Ulmensinm
359 1250 421 1314 fuit
453 1250 623 1315 comitatus
658 1254 778 1334 raptus,
811 1255 843 1313 et
866 1272 989 1332 semper
1015 1248 1186 1312 restitutus
1208 1269 1263 1311 cun

127 1354 326 1419 vacillatione
350 1357 503 1439 quadarn,
537 1377 701 1438 quousque
723 1358 905 1419 contractus
928 1354 991 1419 fuit
1022 1375 1080 1436 per
1101 1351 1222 1436 Papam
1239 1354 1261 1416 et

125 1459 286 1536 ecclesiam
319 1463 351 1523 et
373 1482 430 1543 per
461 1460 686 1543 imperatorem
717 1464 750 1525 et
768 1460 931 1525 *electores
963 1464 994 1524 et
1018 1459 1132 1542 patriae
1155 1456 1258 1522 nobiles

126 1562 319 1646 approbatus
336 1567 368 1627 et
381 1563 496 1648 sigillis
509 1565 651 1629 omnium
662 1553 840 1643 roboratus,
858 1565 935 1629 adeo
951 1565 1035 1647 quod
1045 1561 1137 1627 nulla
1153 1563 1256 1627 ratione

125 1671 231 1750 potest
254 1690 287 1731 aa
309 1667 380 1752 quis
403 1669 539 1753 amplius
563 1691 731 1753 opponere.
778 1670 848 1734 Hoc
870 1668 956 1734 facto
979 1669 1111 1733 comites
1134 1667 1254 1732 illustras

125 1774 163 1838 da
178 1771 377 1858 Werdaberg
400 1774 440 1838 ab
463 1773 643 1839 infelicibus
668 1772 800 1838 Judaeis
825 1772 930 1839 Ulmae
952 1774 1155 1838 morantibus
1177 1793 1252 1856 pecn-

126 1877 211 1943 niam
234 1880 272 1944 ad
307 1903 434 1944 usuram
465 1880 653 1964 accipientes
682 1881 717 1943 in
746 1884 839 1944 tanta
861 1881 1057 1944 devenerunt
1080 1879 1201 1956 debita,
1226 1879 1251 1939 ut

124 1982 341 2050 deficientibus
380 1986 569 2070 pignoribus
608 1985 780 2050 mobilibus
817 1985 954 2070 pignora
989 1983 1170 2049 immobilia
1196 1983 1249 2046 dare

123 2091 328 2175 cogebantur,
346 2092 428 2156 unde
443 2091 561 2156 nobilis
573 2091 744 2156 comitatus
755 2089 885 2183 Albegg
900 2113 973 2155 cum
989 2093 1095 2154 castro
1111 2093 1143 2154 et
1157 2085 1247 2172 oppido

122 2198 154 2259 et
169 2196 316 2261 omnibus
339 2197 519 2262 attinentiis
534 2196 556 2261 J
557 2196 655 2261 udaeis
678 2196 913 2281 impignoratus
928 2195 1030 2274 stct't,
1054 2198 1088 2259 et
1109 2195 1172 2258 iam
1187 2188 1246 2274 apud

122 2300 346 2385 imperatorem
369 2301 578 2380 laborabant,
610 2304 648 2364 ut
669 2300 846 2364 dominium
878 2304 910 2365 et
932 2303 1091 2378 castrum,
1115 2319 1183 2383 qua
1200 2295 1244 2359 ian

122 2427 230 2469 eorum
253 2411 355 2485 erant,
378 2429 434 2490 per
457 2428 561 2470 usurae
576 2407 850 2489 consumptionem
861 2405 1045 2470 inhabitare
1068 2408 1101 2469 et
1115 2402 1244 2488 possidere

10 2589 14 2596 ¹
121 2513 257 2594 possent.
283 2510 366 2595 quod
390 2514 427 2575 ut
451 2508 616 2576 Ulmenses
638 2511 885 2594 perpenderunt,
908 2496 1101 2575 comitatum
1120 2509 1201 2573 illum
1217 2501 1243 2566 de

122 2616 267 2680 manibus
283 2615 306 2681 J
307 2618 478 2682 udaeorum
500 2617 702 2681 redemerunt
724 2621 756 2681 et
776 2617 985 2700 possederunt
1008 2638 1110 2700 usque
1131 2615 1164 2678 in
1182 2612 1242 2696 hunc

122 2720 213 2786 diem.
264 2719 390 2784 Dicitur
419 2724 526 2785 autem
558 2721 784 2800 communiter,
817 2721 902 2805 quod
935 2719 1068 2804 quidam
1101 2736 1194 2783 comes
1216 2712 1241 2775 de

123 2823 321 2911 Werdaberg
342 2825 434 2890 illum
456 2826 644 2890 comitatum
666 2825 898 2910 consumpserit
917 2847 977 2909 pro
992 2826 1117 2890 lebetis.
1139 2817 1240 2903 recipie·

122 2929 177 2994 bat
200 2929 284 2994 enim
306 2932 454 2995 continue
469 2931 574 2997 Ulmae
597 2954 655 3015 pro
677 2933 811 3015 pecunia
832 2932 983 2997 solvendo
998 2931 1121 3021 lebetos
1134 2929 1157 3009 ⁴,
1177 2922 1239 2991 etin

121 3037 248 3099 tanturn
270 3035 370 3099 crevit
391 3035 551 3115 debitum,
586 3036 724 3101 utillud
747 3058 812 3101 non
834 3040 942 3120 posset
964 3026 1089 3101 solvere
1111 3035 1170 3099 nisi
1186 3049 1240 3094 ven·

121 3139 223 3205 dando
246 3139 442 3205 comitatum.
488 3140 616 3206 Interea
637 3142 746 3207 eodem
769 3163 896 3226 quoque
918 3146 1063 3226 tempore
1085 3137 1198 3206 devenit
1212 3131 1254 3196 ud>

122 3266 234 3310 manus
257 3242 457 3310 Ulmensinm
480 3251 585 3311 totum
607 3247 783 3312 dominium
806 3246 1018 3332 Hochberg⁶,
1053 3268 1126 3310 cum
1147 3237 1239 3327 oppidis

122 3346 311 3435 ltotenburg
342 3355 375 3416 et
398 3351 498 3416 Horw
520 3355 553 3416 et
583 3353 697 3416 castris
724 3374 762 3416 ac
784 3353 888 3432 villis,
916 3355 951 3416 et
981 3350 1094 3415 multis
1124 3347 1202 3414 annis
1218 3341 1240 3406 il

122 3453 338 3538 possederunt,
361 3477 526 3540 quousque
547 3456 612 3520 dux
629 3458 770 3522 Austriae
792 3457 936 3522 redemit
983 3455 1148 3532 Quomodo
1162 3455 1240 3518 anau

122 3557 181 3624 hoc
204 3560 379 3627 dominium
401 3563 434 3627 iu
457 3585 571 3628 manus
593 3561 796 3629 Ulmensinm
818 3562 991 3642 devenerit,
1014 3566 1049 3626 et
1071 3559 1189 3646 qnando
1206 3574 1240 3618 rc*

122 3662 284 3747 dempturn
307 3666 366 3745 sit,
398 3667 548 3732 chronica
569 3666 771 3734 Ulmensinm
793 3667 894 3732 docet
940 3665 994 3732 Sic
1025 3688 1104 3752 ergo
1126 3686 1183 3730 non
1201 3658 1240 3724 ob·

121 3767 281 3834 stantibus
296 3771 441 3854 expensis
455 3772 665 3857 gravissimis,
686 3795 766 3857 quas
781 3771 949 3838 Ulmenses
963 3772 1149 3836 edificando
1163 3761 1241 3832 muni·

122 3871 224 3937 tiones
240 3894 303 3938 sum
321 3875 460 3942 civitatis
475 3877 637 3943 faciebant
651 3883 685 3944 et
699 3878 913 3944 construendo
928 3878 1095 3942 ecclesiam
1108 3875 1241 3960 ingentem

685 3988 703 4027 ss

194 4064 204 4119 1
226 4062 363 4130 Quintum
382 4083 451 4136 opus
470 4068 650 4138 magnificum
675 4070 749 4125 Mon
777 4072 857 4122 lam
882 4067 980 4124 rande.
1070 4057 1242 4122 aflelffaair

123 4149 194 4208 tlon.
216 4153 238 4207 l.
274 4150 456 4210 llolffonstcin
476 4155 521 4211 lll.
539 4156 626 4212 wibl.
663 4157 831 4212 Helfftstein
856 4156 937 4212 Gold
955 4159 998 4213 ut.
1089 4151 1241 4217 adalinae

121 4235 201 4295 (lold.
221 4240 261 4294 nt.
298 4237 437 4296 elaberer
456 4242 544 4297 wibl.
579 4244 687 4302 lebetae
704 4243 796 4300 Schm.
814 4244 872 4299 und
889 4244 936 4298 dia
954 4243 1072 4300 andern.
1108 4229 1242 4296 Wasbeisst

122 4320 198 4379 daal
217 4324 299 4390 lebes,
319 4326 425 4391 lebetis,
439 4347 475 4384 m.
487 4329 568 4385 aaut
580 4331 680 4397 ml,
692 4331 862 4395 koehkassd,
879 4331 958 4401 topf3
977 4331 1068 4387 abor?
1090 4328 1173 4398 vargi
1184 4321 1241 4379 all·

118 4407 138 4465 b
155 4424 187 4465 ro
206 4411 272 4479 alle,
290 4413 335 4469 mr
351 4413 530 4488 richenberg,
547 4417 588 4473 im
605 4420 907 4491 vorttambergisohen
922 4419 1054 4476 obermt
1072 4414 1243 4488 Spoicfflffl
