2806 4964
30 2530 86 2562 Gold.

14 2586 47 2619 Fr.
64 2583 103 2614 221]-

37 4031 95 4066 Gold.

22 4076 69 4112 Ulm
81 4078 109 4110 80.

656 271 698 333 44

103 444 228 507 dentem
252 465 325 507 vero
349 446 396 506 est
419 445 513 524 porta
529 441 788 527 Gbgglingcnsis,
812 442 886 525 quia
901 443 988 507 ducit
1004 444 1038 507 in
1053 444 1165 509 villam
1182 469 1256 530 pro·

102 549 221 611 ximam
238 547 440 633 Gdgglingen
468 547 595 626 dictam,
620 569 715 631 quarn
738 545 829 610 inscii
845 548 1012 612 nominant
1028 548 1154 634 elogiis
1170 551 1255 616 thor.

102 653 177 716 haec
192 656 286 735 porta
307 651 432 715 firmam
457 672 560 714 arcem
584 651 681 716 habet
703 655 735 715 et
762 656 908 716 ornatam
931 675 1021 718 cruce
1044 655 1196 739 gloriosa,
1219 656 1252 720 in

105 780 169 841 qua
193 757 289 821 etiam
312 757 456 820 custodes
479 761 511 820 et
534 756 690 836 tubicines
716 755 869 859 vigilant,
900 781 970 842 quae
994 759 1073 823 bene
1097 759 1257 826 diceretur

104 865 197 945 porta
219 860 403 938 Judiciaria,
431 861 506 944 quia
528 865 618 925 extra
641 883 710 925 eam
733 861 778 925 rei
801 865 992 946 torquentur
1008 868 1039 928 et
1055 865 1252 929 occiduntur.

103 965 142 1030 In
164 966 263 1030 latere
285 964 485 1029 meridionali
513 964 546 1028 in
570 945 711 1028 extrenia
740 969 831 1048 parte
860 965 999 1031 civitatis
1029 972 1142 1033 contra
1176 968 1256 1033 occi·

104 1073 240 1148 dentem,
264 1094 283 1134 a
306 1093 369 1154 qua
391 1071 479 1133 venit
502 1069 686 1147 Danubius,
721 1073 769 1134 est
792 1070 889 1134 turris
915 1070 1111 1136 Piscatorum
1134 1072 1202 1137 alta
1224 1078 1254 1137 et

104 1176 207 1254 fortia,
233 1179 311 1259 qnae'
324 1176 395 1239 ideo
418 1175 462 1238 sio
485 1197 600 1238 nomen
623 1173 729 1253 habet,
753 1175 829 1259 quia
851 1176 941 1240 iuxta
964 1199 1034 1241 eam
1057 1183 1134 1242 sunt
1158 1178 1251 1242 habi·

105 1281 242 1345 tationes
274 1281 467 1363 piscatorum
500 1280 718 1364 aquaticorum
751 1280 953 1359 animalium,
986 1285 1018 1345 et
1049 1282 1253 1366 piscatricum

106 1385 268 1449 fatuorum
291 1384 465 1473 hominum,
513 1383 658 1449 Cohaeret
688 1385 762 1450 huic
784 1385 867 1449 turri
890 1390 1075 1469 protensum
1097 1391 1255 1472 usquein

109 1489 289 1552 Danubium
312 1487 506 1552 fortalicium
522 1488 652 1552 firmum
667 1512 739 1553 cum
754 1491 899 1574 pluribus
919 1494 1178 1578 propugnaculiS,
1205 1495 1259 1557 ubi

107 1594 204 1658 etiarn
216 1616 279 1657 una
290 1615 364 1675 pars
377 1592 482 1656 Blauii
499 1594 658 1657 descendit
673 1617 729 1678 per
744 1593 902 1660 fossatum
917 1597 1055 1662 civitatis
1073 1598 1255 1682 labiturque

107 1721 163 1782 per
185 1698 291 1762 fauces
314 1697 504 1762 firmissimis
527 1698 673 1762 cancellis
697 1699 858 1765 conclusas
875 1701 907 1765 in
925 1701 1109 1768 Danubium
1123 1703 1159 1767 in
1175 1702 1252 1767 civi-

108 1802 184 1867 tatis
207 1825 314 1867 cornu.
359 1801 411 1866 Ab
435 1804 490 1867 illo
513 1826 611 1867 cornu
644 1808 676 1866 et
707 1807 795 1869 turre
818 1804 1016 1870 Piscatorum
1039 1808 1201 1872 descendit
1223 1808 1256 1871 in

109 1930 192 1992 aqua
213 1907 354 1971 Danubii
378 1908 587 1991 profundatus
619 1929 745 1986 murUS,
773 1909 858 1973 altus
889 1914 921 1974 et
944 1911 1082 1994 spissus,
1113 1935 1197 1977 anno
1229 1913 1261 1976 in

109 2013 257 2076 chronica
290 2013 434 2096 sequenti
465 2013 592 2098 signato
629 2011 734 2078 factus
769 2012 828 2078 et1
863 2038 962 2080 novus
1004 2039 1114 2081 murus
1148 2018 1263 2098 dictuS,

111 2119 185 2202 quia
210 2119 360 2202 antiquus
383 2140 492 2181 murus
517 2119 661 2182 domibus
685 2121 717 2182 et
740 2118 880 2184 aedificiis
902 2122 1062 2186 invalidus
1086 2126 1118 2187 et
1133 2123 1262 2207 pervius

111 2223 174 2287 fuit
196 2222 309 2286 factus.
356 2221 428 2286 Stat
452 2227 557 2286 autem
580 2246 689 2289 murus
714 2226 768 2290 ille
790 2227 824 2291 in
847 2228 1047 2311 rapidissimo
1063 2229 1163 2294 fluvio
1187 2253 1263 2314 pro-

110 2333 219 2391 tensus
243 2350 342 2411 usque
365 2328 404 2391 ad
429 2327 569 2392 Danubii
592 2334 723 2412 pontem
745 2353 801 2415 per
826 2333 889 2397 660
910 2356 1030 2416 passus,
1054 2333 1215 2419 habetque
1230 2334 1264 2399 in

111 2433 212 2516 spisso
240 2432 280 2498 10
303 2433 396 2516 podes
419 2454 619 2514 communes,
651 2437 683 2498 et
713 2435 862 2518 prohibet
891 2437 931 2500 ab
964 2460 1027 2500 una
1049 2442 1142 2520 parte
1166 2461 1265 2522 aquas

112 2538 252 2602 Danubii
276 2560 314 2602 ne
337 2539 371 2601 in
393 2537 555 2602 civitatem
578 2544 690 2618 ruant,
719 2541 760 2604 ab
783 2539 846 2604 alia
877 2564 951 2605 vero
980 2565 1020 2606 ne
1043 2565 1134 2626 aquae
1158 2542 1266 2607 Blauii

112 2643 326 2707 extrafluant
349 2643 504 2726 usquein
528 2644 633 2707 locum
656 2667 758 2710 suum.
804 2644 842 2709 In
873 2646 935 2709 isto
968 2669 1050 2711 novo
1072 2670 1165 2712 muro
1188 2653 1264 2712 sunt

114 2747 352 2832 propugnacula
375 2752 406 2811 et
421 2747 578 2812 fortalitia
593 2753 713 2833 septem
730 2754 852 2829 ornata,
876 2755 908 2814 et
923 2750 1062 2815 culmina
1076 2752 1115 2815 ad
1132 2752 1264 2816 modum

113 2854 260 2930 turrium,
285 2876 322 2916 ex
345 2853 460 2936 quibus
483 2852 665 2916 bombardis
689 2857 721 2917 et
744 2854 815 2918 aliis
837 2854 948 2919 iaculis
972 2857 1264 2922 contravenientes

114 2981 170 3041 per
193 2980 291 3040 aquas
314 2957 454 3022 defensio
477 2957 545 3020 fieri
569 2962 683 3040 potest,
707 2962 782 3022 sunt
805 2959 902 3023 etiam
925 2960 965 3024 ab
982 2964 1072 3024 extra
1091 2959 1187 3023 multi
1203 2961 1264 3025 oir-

114 3063 177 3126 culi
193 3062 287 3125 ferrei
303 3063 342 3125 ad
358 3061 536 3145 alligandas
552 3086 657 3142 naves,
682 3068 713 3128 et
730 3065 803 3128 unci
819 3065 923 3143 ferrei,
941 3064 1107 3149 inquibus
1123 3068 1266 3149 tempore

115 3190 302 3252 guerrarum
325 3172 510 3252 tegumenta
533 3190 696 3232 murorum
719 3169 867 3252 suspendi
883 3173 1026 3252 possunt,
1050 3191 1089 3232 ne
1111 3171 1266 3234 machinis

116 3296 132 3337 e
148 3277 259 3336 contra
275 3271 387 3355 positis
403 3270 476 3334 laedi
492 3272 624 3355 possint,
642 3277 673 3335 et
688 3272 828 3355 plurima
843 3273 1000 3337 foramina
1013 3275 1266 3356 praemittendis

115 3378 226 3442 iaculis
247 3375 399 3460 lapidum.
445 3373 483 3438 In
505 3376 608 3440 medio
632 3376 715 3439 muri
738 3380 813 3440 sunt
835 3381 974 3460 quatuor
998 3378 1090 3456 ostia,
1114 3401 1172 3462 per
1196 3402 1266 3463 quae

117 3483 248 3546 Blauius
272 3483 309 3545 de
332 3481 410 3545 urbe
433 3503 599 3564 erumpens
615 3481 649 3567 in
664 3481 848 3545 Danubium
870 3481 998 3546 labitur.
1045 3482 1148 3566 Supra
1164 3484 1266 3547 maius

117 3587 224 3651 Blauii
246 3587 363 3651 ostium
386 3590 434 3651 est
456 3585 590 3664 sursise,
614 3586 649 3649 in
673 3609 736 3669 qua
759 3608 881 3669 semper
903 3591 1008 3650 custos
1032 3586 1203 3666 auscultat,
1231 3592 1267 3650 ut

118 3694 171 3756 det
186 3714 336 3776 responsa
353 3691 564 3755 clamantibus
580 3713 618 3755 ex
642 3690 704 3754 alia
719 3693 810 3774 parte
824 3689 982 3767 Danubii3
1007 3691 1167 3775 contingit
1184 3691 1269 3755 enim

118 3819 210 3880 saepe,
233 3799 269 3859 ut
292 3795 362 3879 quis
384 3798 514 3879 propter
538 3796 678 3880 aliquam
701 3816 829 3858 causam
852 3817 916 3859 non
939 3795 1017 3859 velit
1046 3818 1103 3878 per
1135 3799 1265 3879 pontem

118 3907 150 3967 et
171 3906 296 3985 portam
320 3900 481 3965 civitatem
503 3901 634 3978 intrare,
658 3906 690 3965 et
713 3901 787 3965 talis
805 3901 832 3965 si
848 3902 1033 3965 clamaverit
1049 3902 1087 3965 ad
1104 3903 1268 3966 custodem

117 4006 218 4082 illum,
242 4004 373 4089 navigio
395 4005 572 4070 transducit
594 4028 666 4070 eum
681 4006 784 4088 pretio
800 4010 935 4089 recepte.
959 4004 1004 4070 sic
1020 4007 1075 4090 qui
1096 4007 1269 4091 negligunt

684 4140 702 4179 *

189 4244 201 4295 l
223 4240 318 4297 Novus
337 4258 433 4294 murus
451 4257 498 4294 am
510 4239 598 4295 rande
617 4239 679 4294 Soh.
692 4240 766 4295 Mon.
780 4239 803 4294 1.
875 4240 891 4292 2
910 4239 965 4294 Der
984 4256 1004 4292 s.
1024 4256 1051 4307 g.
1069 4235 1175 4294 eiulass.
1213 4237 1265 4292 Der

119 4329 216 4383 thurin
234 4328 328 4384 warde
347 4326 452 4382 eratin
469 4343 597 4383 anserem
612 4327 804 4398 jahrhundert
823 4327 1028 4398 abgebrochen.
