<?xml version="1.0" encoding="UTF-8"?>
<!DOCTYPE html PUBLIC "-//W3C//DTD XHTML 1.0 Transitional//EN"
    "http://www.w3.org/TR/xhtml1/DTD/xhtml1-transitional.dtd">
<html xmlns="http://www.w3.org/1999/xhtml" xml:lang="en" lang="en">
 <head>
  <title>
</title>
<meta http-equiv="Content-Type" content="text/html;charset=utf-8" />
  <meta name='ocr-system' content='tesseract 3.04.00' />
  <meta name='ocr-capabilities' content='ocr_page ocr_carea ocr_par ocr_line ocrx_word'/>
</head>
<body>
  <div class='ocr_page' id='page_1' title='image "./fratrisfelicisf03fabrgoog_0067.png"; bbox 0 0 2806 4964; ppageno 0'>
   <div class='ocr_carea' id='block_1_1' title="bbox 739 320 781 382">
    <p class='ocr_par' dir='ltr' id='par_1_1' title="bbox 739 320 781 382">
     <span class='ocr_line' id='line_1_1' title="bbox 739 320 781 382; baseline 0 0"><span class='ocrx_word' id='word_1_1' title='bbox 739 320 781 382; x_wconf 84' lang='grc'>46</span> 
     </span>
    </p>
   </div>
   <div class='ocr_carea' id='block_1_2' title="bbox 91 493 1393 3736">
    <p class='ocr_par' dir='ltr' id='par_1_2' title="bbox 91 493 1393 3736">
     <span class='ocr_line' id='line_1_2' title="bbox 186 493 1341 573; baseline -0.001 -13"><span class='ocrx_word' id='word_1_2' title='bbox 186 517 302 560; x_wconf 89' lang='lat' dir='ltr'>aroana</span> <span class='ocrx_word' id='word_1_3' title='bbox 326 494 429 558; x_wconf 88' lang='lat' dir='ltr'>cordis</span> <span class='ocrx_word' id='word_1_4' title='bbox 452 494 516 572; x_wconf 90' lang='lat' dir='ltr'>sui,</span> <span class='ocrx_word' id='word_1_5' title='bbox 542 499 574 558; x_wconf 90' lang='lat' dir='ltr'>et</span> <span class='ocrx_word' id='word_1_6' title='bbox 597 496 672 559; x_wconf 90' lang='lat' dir='ltr'>dum</span> <span class='ocrx_word' id='word_1_7' title='bbox 694 495 757 558; x_wconf 91' lang='lat' dir='ltr'>iam</span> <span class='ocrx_word' id='word_1_8' title='bbox 791 493 952 558; x_wconf 89' lang='lat' dir='ltr'>occidendi</span> <span class='ocrx_word' id='word_1_9' title='bbox 974 497 1066 573; x_wconf 88' lang='lat' dir='ltr'>sunt,</span> <span class='ocrx_word' id='word_1_10' title='bbox 1096 494 1276 558; x_wconf 89' lang='lat' dir='ltr'>educuntur</span> <span class='ocrx_word' id='word_1_11' title='bbox 1305 496 1341 559; x_wconf 90' lang='lat' dir='ltr'>de</span> 
     </span>
     <span class='ocr_line' id='line_1_3' title="bbox 185 599 1393 677; baseline 0 -12"><span class='ocrx_word' id='word_1_12' title='bbox 185 601 336 665; x_wconf 86' lang='lat' dir='ltr'>custodiis</span> <span class='ocrx_word' id='word_1_13' title='bbox 359 600 484 664; x_wconf 85' lang='lat' dir='ltr'>arctis¹</span> <span class='ocrx_word' id='word_1_14' title='bbox 516 600 793 665; x_wconf 88' lang='lat' dir='ltr'>inhabitaculum</span> <span class='ocrx_word' id='word_1_15' title='bbox 819 599 903 662; x_wconf 90' lang='lat' dir='ltr'>turri</span> <span class='ocrx_word' id='word_1_16' title='bbox 926 620 1103 677; x_wconf 83' lang='lat' dir='ltr'>annexum,</span> <span class='ocrx_word' id='word_1_17' title='bbox 1139 600 1195 663; x_wconf 92' lang='lat' dir='ltr'>ubi</span> <span class='ocrx_word' id='word_1_18' title='bbox 1215 603 1264 664; x_wconf 90' lang='lat' dir='ltr'>est</span> <span class='ocrx_word' id='word_1_19' title='bbox 1288 602 1336 665; x_wconf 78' lang='lat' dir='ltr'>de</span> <span class='ocrx_word' id='word_1_20' title='bbox 1391 624 1393 628; x_wconf 89' lang='lat'>·</span> 
     </span>
     <span class='ocr_line' id='line_1_4' title="bbox 184 704 1339 789; baseline 0.001 -20"><span class='ocrx_word' id='word_1_21' title='bbox 184 707 270 789; x_wconf 90' lang='lat' dir='ltr'>picta</span> <span class='ocrx_word' id='word_1_22' title='bbox 293 710 324 770; x_wconf 89' lang='lat' dir='ltr'>et</span> <span class='ocrx_word' id='word_1_23' title='bbox 346 707 450 770; x_wconf 90' lang='lat' dir='ltr'>lucida</span> <span class='ocrx_word' id='word_1_24' title='bbox 473 727 615 784; x_wconf 89' lang='lat' dir='ltr'>camera,</span> <span class='ocrx_word' id='word_1_25' title='bbox 639 706 673 768; x_wconf 90' lang='lat' dir='ltr'>in</span> <span class='ocrx_word' id='word_1_26' title='bbox 697 728 760 789; x_wconf 90' lang='lat' dir='ltr'>qua</span> <span class='ocrx_word' id='word_1_27' title='bbox 783 704 931 789; x_wconf 83' lang='lat' dir='ltr'>squalore</span> <span class='ocrx_word' id='word_1_28' title='bbox 954 705 1087 769; x_wconf 88' lang='lat' dir='ltr'>carceris</span> <span class='ocrx_word' id='word_1_29' title='bbox 1110 705 1223 769; x_wconf 90' lang='lat' dir='ltr'>lassati</span> <span class='ocrx_word' id='word_1_30' title='bbox 1254 707 1339 770; x_wconf 91' lang='lat' dir='ltr'>refo-</span> 
     </span>
     <span class='ocr_line' id='line_1_5' title="bbox 184 810 1340 895; baseline -0.001 -20"><span class='ocrx_word' id='word_1_31' title='bbox 184 816 313 889; x_wconf 85' lang='lat' dir='ltr'>ventur,</span> <span class='ocrx_word' id='word_1_32' title='bbox 345 816 376 875; x_wconf 89' lang='lat' dir='ltr'>et</span> <span class='ocrx_word' id='word_1_33' title='bbox 399 811 557 895; x_wconf 85' lang='lat' dir='ltr'>religiosis</span> <span class='ocrx_word' id='word_1_34' title='bbox 581 810 856 875; x_wconf 82' lang='lat' dir='ltr'>exhortationibus</span> <span class='ocrx_word' id='word_1_35' title='bbox 880 812 919 875; x_wconf 88' lang='lat' dir='ltr'>ad</span> <span class='ocrx_word' id='word_1_36' title='bbox 942 811 1131 894; x_wconf 90' lang='lat' dir='ltr'>patientiam</span> <span class='ocrx_word' id='word_1_37' title='bbox 1155 811 1340 875; x_wconf 85' lang='lat' dir='ltr'>animantur</span> 
     </span>
     <span class='ocr_line' id='line_1_6' title="bbox 185 915 1336 994; baseline 0.001 -14"><span class='ocrx_word' id='word_1_38' title='bbox 185 920 216 980; x_wconf 89' lang='lat' dir='ltr'>et</span> <span class='ocrx_word' id='word_1_39' title='bbox 239 921 436 980; x_wconf 85' lang='lat' dir='ltr'>sacramenta</span> <span class='ocrx_word' id='word_1_40' title='bbox 459 916 502 979; x_wconf 91' lang='lat' dir='ltr'>eis</span> <span class='ocrx_word' id='word_1_41' title='bbox 525 916 769 994; x_wconf 77' lang='lat' dir='ltr'>ministrantur,</span> <span class='ocrx_word' id='word_1_42' title='bbox 802 920 833 979; x_wconf 90' lang='lat' dir='ltr'>et</span> <span class='ocrx_word' id='word_1_43' title='bbox 861 915 908 979; x_wconf 87' lang='lat' dir='ltr'>ita</span> <span class='ocrx_word' id='word_1_44' title='bbox 939 916 978 979; x_wconf 90' lang='lat' dir='ltr'>ad</span> <span class='ocrx_word' id='word_1_45' title='bbox 1008 925 1143 981; x_wconf 86' lang='lat' dir='ltr'>mortem</span> <span class='ocrx_word' id='word_1_46' title='bbox 1166 917 1336 983; x_wconf 90' lang='lat' dir='ltr'>ducuntur.</span> 
     </span>
     <span class='ocr_line' id='line_1_7' title="bbox 184 1020 1338 1107; baseline 0 -21"><span class='ocrx_word' id='word_1_47' title='bbox 184 1022 262 1086; x_wconf 84' lang='lat' dir='ltr'>Haec</span> <span class='ocrx_word' id='word_1_48' title='bbox 286 1021 444 1085; x_wconf 74' lang='lat' dir='ltr'>habitatio</span> <span class='ocrx_word' id='word_1_49' title='bbox 469 1045 487 1084; x_wconf 91' lang='lat' dir='ltr'>a</span> <span class='ocrx_word' id='word_1_50' title='bbox 509 1020 727 1085; x_wconf 81' lang='lat' dir='ltr'>fundamentis</span> <span class='ocrx_word' id='word_1_51' title='bbox 742 1021 908 1107; x_wconf 84' lang='lat' dir='ltr'>consurgit</span> <span class='ocrx_word' id='word_1_52' title='bbox 931 1021 969 1085; x_wconf 89' lang='lat' dir='ltr'>de</span> <span class='ocrx_word' id='word_1_53' title='bbox 985 1020 1080 1084; x_wconf 89' lang='lat' dir='ltr'>horto</span> <span class='ocrx_word' id='word_1_54' title='bbox 1096 1020 1234 1085; x_wconf 86' lang='lat' dir='ltr'>fratrum</span> <span class='ocrx_word' id='word_1_55' title='bbox 1251 1020 1338 1086; x_wconf 86' lang='lat' dir='ltr'>Prae·</span> 
     </span>
     <span class='ocr_line' id='line_1_8' title="bbox 185 1125 1337 1210; baseline 0.001 -21"><span class='ocrx_word' id='word_1_56' title='bbox 185 1127 370 1204; x_wconf 87' lang='lat' dir='ltr'>dicatorum,</span> <span class='ocrx_word' id='word_1_57' title='bbox 395 1127 478 1190; x_wconf 91' lang='lat' dir='ltr'>unde</span> <span class='ocrx_word' id='word_1_58' title='bbox 501 1127 546 1189; x_wconf 90' lang='lat' dir='ltr'>rei</span> <span class='ocrx_word' id='word_1_59' title='bbox 569 1149 625 1209; x_wconf 91' lang='lat' dir='ltr'>per</span> <span class='ocrx_word' id='word_1_60' title='bbox 640 1125 812 1190; x_wconf 83' lang='lat' dir='ltr'>fenestram</span> <span class='ocrx_word' id='word_1_61' title='bbox 828 1126 862 1189; x_wconf 90' lang='lat' dir='ltr'>in</span> <span class='ocrx_word' id='word_1_62' title='bbox 878 1148 987 1190; x_wconf 91' lang='lat' dir='ltr'>eorum</span> <span class='ocrx_word' id='word_1_63' title='bbox 1003 1126 1134 1190; x_wconf 88' lang='lat' dir='ltr'>hortum</span> <span class='ocrx_word' id='word_1_64' title='bbox 1149 1126 1337 1210; x_wconf 88' lang='lat' dir='ltr'>respiciunt,</span> 
     </span>
     <span class='ocr_line' id='line_1_9' title="bbox 184 1231 1337 1316; baseline -0.001 -20"><span class='ocrx_word' id='word_1_65' title='bbox 184 1236 216 1296; x_wconf 86' lang='lat' dir='ltr'>et</span> <span class='ocrx_word' id='word_1_66' title='bbox 238 1232 379 1296; x_wconf 87' lang='lat' dir='ltr'>videntes</span> <span class='ocrx_word' id='word_1_67' title='bbox 403 1231 526 1316; x_wconf 91' lang='lat' dir='ltr'>aliquos</span> <span class='ocrx_word' id='word_1_68' title='bbox 559 1231 676 1296; x_wconf 89' lang='lat' dir='ltr'>fratres</span> <span class='ocrx_word' id='word_1_69' title='bbox 705 1253 818 1294; x_wconf 89' lang='lat' dir='ltr'>manus</span> <span class='ocrx_word' id='word_1_70' title='bbox 848 1232 1023 1296; x_wconf 86' lang='lat' dir='ltr'>extendunt</span> <span class='ocrx_word' id='word_1_71' title='bbox 1053 1232 1110 1314; x_wconf 90' lang='lat' dir='ltr'>per</span> <span class='ocrx_word' id='word_1_72' title='bbox 1143 1235 1337 1315; x_wconf 89' lang='lat' dir='ltr'>aperturam,</span> 
     </span>
     <span class='ocr_line' id='line_1_10' title="bbox 184 1335 1339 1420; baseline 0 -20"><span class='ocrx_word' id='word_1_73' title='bbox 184 1336 398 1420; x_wconf 84' lang='lat' dir='ltr'>supplicantes</span> <span class='ocrx_word' id='word_1_74' title='bbox 422 1341 458 1399; x_wconf 90' lang='lat' dir='ltr'>ut</span> <span class='ocrx_word' id='word_1_75' title='bbox 481 1335 584 1401; x_wconf 91' lang='lat' dir='ltr'>Deum</span> <span class='ocrx_word' id='word_1_76' title='bbox 599 1358 657 1419; x_wconf 92' lang='lat' dir='ltr'>pro</span> <span class='ocrx_word' id='word_1_77' title='bbox 672 1337 717 1400; x_wconf 91' lang='lat' dir='ltr'>eis</span> <span class='ocrx_word' id='word_1_78' title='bbox 733 1337 940 1400; x_wconf 83' lang='lat' dir='ltr'>intercedant.</span> <span class='ocrx_word' id='word_1_79' title='bbox 987 1335 1052 1401; x_wconf 85' lang='lat' dir='ltr'>Sub</span> <span class='ocrx_word' id='word_1_80' title='bbox 1069 1357 1194 1400; x_wconf 88' lang='lat' dir='ltr'>camera</span> <span class='ocrx_word' id='word_1_81' title='bbox 1210 1358 1339 1401; x_wconf 91' lang='lat' dir='ltr'>reorum</span> 
     </span>
     <span class='ocr_line' id='line_1_11' title="bbox 184 1439 1337 1524; baseline -0.001 -19"><span class='ocrx_word' id='word_1_82' title='bbox 184 1441 304 1505; x_wconf 91' lang='lat' dir='ltr'>habent</span> <span class='ocrx_word' id='word_1_83' title='bbox 327 1442 442 1505; x_wconf 88' lang='lat' dir='ltr'>fratres</span> <span class='ocrx_word' id='word_1_84' title='bbox 465 1440 613 1505; x_wconf 90' lang='lat' dir='ltr'>cellulam</span> <span class='ocrx_word' id='word_1_85' title='bbox 634 1441 668 1504; x_wconf 92' lang='lat' dir='ltr'>in</span> <span class='ocrx_word' id='word_1_86' title='bbox 696 1463 759 1524; x_wconf 88' lang='lat' dir='ltr'>qua</span> <span class='ocrx_word' id='word_1_87' title='bbox 782 1439 980 1503; x_wconf 86' lang='lat' dir='ltr'>distillantur</span> <span class='ocrx_word' id='word_1_88' title='bbox 1010 1462 1099 1524; x_wconf 87' lang='lat' dir='ltr'>aquae</span> <span class='ocrx_word' id='word_1_89' title='bbox 1122 1441 1337 1524; x_wconf 76' lang='lat' dir='ltr'>medicinales</span> 
     </span>
     <span class='ocr_line' id='line_1_12' title="bbox 185 1536 1339 1629; baseline 0.001 -21"><span class='ocrx_word' id='word_1_90' title='bbox 185 1545 271 1609; x_wconf 88' lang='lat' dir='ltr'>Ante</span> <span class='ocrx_word' id='word_1_91' title='bbox 293 1547 407 1610; x_wconf 90' lang='lat' dir='ltr'>turrim</span> <span class='ocrx_word' id='word_1_92' title='bbox 424 1536 472 1610; x_wconf 54' lang='lat' dir='ltr'>fab</span> <span class='ocrx_word' id='word_1_93' title='bbox 495 1547 580 1608; x_wconf 86' lang='lat' dir='ltr'>intra</span> <span class='ocrx_word' id='word_1_94' title='bbox 603 1550 651 1609; x_wconf 89' lang='grc'>666</span> <span class='ocrx_word' id='word_1_95' title='bbox 674 1545 759 1609; x_wconf 91' lang='lat' dir='ltr'>aliud</span> <span class='ocrx_word' id='word_1_96' title='bbox 783 1542 1007 1608; x_wconf 80' lang='lat' dir='ltr'>laborarium²</span> <span class='ocrx_word' id='word_1_97' title='bbox 1035 1544 1193 1624; x_wconf 75' lang='lat' dir='ltr'>civitatiS,</span> <span class='ocrx_word' id='word_1_98' title='bbox 1215 1546 1251 1608; x_wconf 90' lang='lat' dir='ltr'>in</span> <span class='ocrx_word' id='word_1_99' title='bbox 1276 1567 1339 1629; x_wconf 88' lang='lat' dir='ltr'>quo</span> 
     </span>
     <span class='ocr_line' id='line_1_13' title="bbox 185 1649 1340 1734; baseline 0 -20"><span class='ocrx_word' id='word_1_100' title='bbox 185 1673 234 1714; x_wconf 91' lang='lat' dir='ltr'>res</span> <span class='ocrx_word' id='word_1_101' title='bbox 265 1653 399 1734; x_wconf 88' lang='lat' dir='ltr'>publicae</span> <span class='ocrx_word' id='word_1_102' title='bbox 433 1651 571 1716; x_wconf 88' lang='lat' dir='ltr'>civitatis</span> <span class='ocrx_word' id='word_1_103' title='bbox 602 1654 782 1716; x_wconf 86' lang='lat' dir='ltr'>tractantur</span> <span class='ocrx_word' id='word_1_104' title='bbox 792 1650 815 1715; x_wconf 82' lang='lat'>³.</span> <span class='ocrx_word' id='word_1_105' title='bbox 870 1649 922 1714; x_wconf 87' lang='lat' dir='ltr'>Ab</span> <span class='ocrx_word' id='word_1_106' title='bbox 950 1650 1008 1714; x_wconf 89' lang='lat' dir='ltr'>illa</span> <span class='ocrx_word' id='word_1_107' title='bbox 1043 1653 1130 1714; x_wconf 89' lang='lat' dir='ltr'>turre</span> <span class='ocrx_word' id='word_1_108' title='bbox 1162 1649 1340 1714; x_wconf 87' lang='lat' dir='ltr'>reflectitur</span> 
     </span>
     <span class='ocr_line' id='line_1_14' title="bbox 187 1753 1339 1840; baseline 0 -21"><span class='ocrx_word' id='word_1_109' title='bbox 187 1778 295 1820; x_wconf 90' lang='lat' dir='ltr'>murus</span> <span class='ocrx_word' id='word_1_110' title='bbox 319 1757 455 1832; x_wconf 83' lang='lat' dir='ltr'>civitatis</span> <span class='ocrx_word' id='word_1_111' title='bbox 479 1781 498 1820; x_wconf 94' lang='lat' dir='ltr'>a</span> <span class='ocrx_word' id='word_1_112' title='bbox 519 1758 649 1821; x_wconf 89' lang='lat' dir='ltr'>meridie</span> <span class='ocrx_word' id='word_1_113' title='bbox 671 1761 781 1820; x_wconf 89' lang='lat' dir='ltr'>contra</span> <span class='ocrx_word' id='word_1_114' title='bbox 797 1758 961 1835; x_wconf 89' lang='lat' dir='ltr'>orientem,</span> <span class='ocrx_word' id='word_1_115' title='bbox 985 1760 1017 1821; x_wconf 91' lang='lat' dir='ltr'>et</span> <span class='ocrx_word' id='word_1_116' title='bbox 1033 1755 1146 1840; x_wconf 85' lang='lat' dir='ltr'>incipit</span> <span class='ocrx_word' id='word_1_117' title='bbox 1162 1755 1208 1820; x_wconf 92' lang='lat' dir='ltr'>ibi</span> <span class='ocrx_word' id='word_1_118' title='bbox 1222 1753 1339 1819; x_wconf 90' lang='lat' dir='ltr'>Danu·</span> 
     </span>
     <span class='ocr_line' id='line_1_15' title="bbox 186 1859 1339 1947; baseline -0.003 -21"><span class='ocrx_word' id='word_1_119' title='bbox 186 1862 257 1926; x_wconf 90' lang='lat' dir='ltr'>hius</span> <span class='ocrx_word' id='word_1_120' title='bbox 281 1885 300 1925; x_wconf 92' lang='lat' dir='ltr'>a</span> <span class='ocrx_word' id='word_1_121' title='bbox 323 1863 451 1927; x_wconf 88' lang='lat' dir='ltr'>civitate</span> <span class='ocrx_word' id='word_1_122' title='bbox 474 1864 595 1947; x_wconf 86' lang='lat' dir='ltr'>fugere,</span> <span class='ocrx_word' id='word_1_123' title='bbox 619 1864 689 1926; x_wconf 89' lang='lat' dir='ltr'>ideo</span> <span class='ocrx_word' id='word_1_124' title='bbox 705 1863 789 1926; x_wconf 87' lang='lat' dir='ltr'>inter</span> <span class='ocrx_word' id='word_1_125' title='bbox 805 1863 965 1927; x_wconf 88' lang='lat' dir='ltr'>civitatem</span> <span class='ocrx_word' id='word_1_126' title='bbox 983 1866 1015 1926; x_wconf 89' lang='lat' dir='ltr'>et</span> <span class='ocrx_word' id='word_1_127' title='bbox 1030 1884 1146 1945; x_wconf 80' lang='lat' dir='ltr'>equam</span> <span class='ocrx_word' id='word_1_128' title='bbox 1168 1863 1218 1924; x_wconf 89' lang='lat' dir='ltr'>est</span> <span class='ocrx_word' id='word_1_129' title='bbox 1233 1859 1339 1924; x_wconf 83' lang='lat' dir='ltr'>fossa·</span> 
     </span>
     <span class='ocr_line' id='line_1_16' title="bbox 190 1964 1340 2052; baseline -0.003 -22"><span class='ocrx_word' id='word_1_130' title='bbox 190 1971 259 2031; x_wconf 88' lang='lat' dir='ltr'>tum</span> <span class='ocrx_word' id='word_1_131' title='bbox 281 1967 383 2031; x_wconf 90' lang='lat' dir='ltr'>latum</span> <span class='ocrx_word' id='word_1_132' title='bbox 407 1991 489 2052; x_wconf 87' lang='lat' dir='ltr'>aqua</span> <span class='ocrx_word' id='word_1_133' title='bbox 512 1967 649 2052; x_wconf 90' lang='lat' dir='ltr'>plenum,</span> <span class='ocrx_word' id='word_1_134' title='bbox 674 1989 771 2050; x_wconf 86' lang='lat' dir='ltr'>supra</span> <span class='ocrx_word' id='word_1_135' title='bbox 792 1967 877 2050; x_wconf 90' lang='lat' dir='ltr'>quod</span> <span class='ocrx_word' id='word_1_136' title='bbox 899 1967 933 2030; x_wconf 93' lang='lat' dir='ltr'>in</span> <span class='ocrx_word' id='word_1_137' title='bbox 954 1966 1112 2031; x_wconf 89' lang='lat' dir='ltr'>moenibus</span> <span class='ocrx_word' id='word_1_138' title='bbox 1129 1964 1271 2028; x_wconf 84' lang='lat' dir='ltr'>civitatis</span> <span class='ocrx_word' id='word_1_139' title='bbox 1292 1967 1340 2028; x_wconf 89' lang='lat' dir='ltr'>est</span> 
     </span>
     <span class='ocr_line' id='line_1_17' title="bbox 187 2056 1339 2156; baseline -0.003 -20"><span class='ocrx_word' id='word_1_140' title='bbox 187 2079 360 2137; x_wconf 90' lang='lat' dir='ltr'>conventus</span> <span class='ocrx_word' id='word_1_141' title='bbox 382 2073 519 2138; x_wconf 85' lang='lat' dir='ltr'>fratrum</span> <span class='ocrx_word' id='word_1_142' title='bbox 542 2056 805 2151; x_wconf 86' lang='lat' dir='ltr'>Praedicatorum,</span> <span class='ocrx_word' id='word_1_143' title='bbox 830 2073 945 2156; x_wconf 91' lang='lat' dir='ltr'>quibus</span> <span class='ocrx_word' id='word_1_144' title='bbox 967 2072 1084 2156; x_wconf 82' lang='lat' dir='ltr'>longus</span> <span class='ocrx_word' id='word_1_145' title='bbox 1107 2069 1192 2133; x_wconf 91' lang='lat' dir='ltr'>muri</span> <span class='ocrx_word' id='word_1_146' title='bbox 1214 2072 1339 2133; x_wconf 88' lang='lat' dir='ltr'>tractus</span> 
     </span>
     <span class='ocr_line' id='line_1_18' title="bbox 187 2173 1340 2263; baseline -0.005 -21"><span class='ocrx_word' id='word_1_147' title='bbox 187 2180 371 2242; x_wconf 86' lang='lat' dir='ltr'>commissus</span> <span class='ocrx_word' id='word_1_148' title='bbox 393 2183 451 2257; x_wconf 91' lang='lat' dir='ltr'>est,</span> <span class='ocrx_word' id='word_1_149' title='bbox 474 2180 655 2263; x_wconf 85' lang='lat' dir='ltr'>habentque</span> <span class='ocrx_word' id='word_1_150' title='bbox 678 2180 719 2241; x_wconf 81' lang='lat'>42</span> <span class='ocrx_word' id='word_1_151' title='bbox 744 2175 885 2262; x_wconf 88' lang='lat' dir='ltr'>[passus]</span> <span class='ocrx_word' id='word_1_152' title='bbox 910 2173 1058 2241; x_wconf 75' lang='lat' dir='ltr'>moenia⁴</span> <span class='ocrx_word' id='word_1_153' title='bbox 1082 2198 1101 2239; x_wconf 90' lang='lat' dir='ltr'>a</span> <span class='ocrx_word' id='word_1_154' title='bbox 1123 2178 1213 2238; x_wconf 90' lang='lat' dir='ltr'>turre</span> <span class='ocrx_word' id='word_1_155' title='bbox 1237 2173 1340 2237; x_wconf 85' lang='lat' dir='ltr'>male·</span> 
     </span>
     <span class='ocr_line' id='line_1_19' title="bbox 187 2278 1353 2368; baseline -0.004 -21"><span class='ocrx_word' id='word_1_156' title='bbox 187 2283 345 2348; x_wconf 87' lang='lat' dir='ltr'>factorum</span> <span class='ocrx_word' id='word_1_157' title='bbox 368 2285 527 2368; x_wconf 88' lang='lat' dir='ltr'>usquead</span> <span class='ocrx_word' id='word_1_158' title='bbox 549 2284 707 2368; x_wconf 87' lang='lat' dir='ltr'>hospitale</span> <span class='ocrx_word' id='word_1_159' title='bbox 729 2290 760 2347; x_wconf 88' lang='lat' dir='ltr'>et</span> <span class='ocrx_word' id='word_1_160' title='bbox 783 2281 902 2365; x_wconf 90' lang='lat' dir='ltr'>triplici</span> <span class='ocrx_word' id='word_1_161' title='bbox 930 2303 1022 2345; x_wconf 92' lang='lat' dir='ltr'>muro</span> <span class='ocrx_word' id='word_1_162' title='bbox 1049 2283 1097 2343; x_wconf 89' lang='lat' dir='ltr'>est</span> <span class='ocrx_word' id='word_1_163' title='bbox 1128 2279 1162 2342; x_wconf 89' lang='lat' dir='ltr'>in</span> <span class='ocrx_word' id='word_1_164' title='bbox 1184 2278 1256 2343; x_wconf 88' lang='lat' dir='ltr'>loco</span> <span class='ocrx_word' id='word_1_165' title='bbox 1279 2279 1353 2343; x_wconf 89' lang='lat' dir='ltr'>illo·</span> 
     </span>
     <span class='ocr_line' id='line_1_20' title="bbox 91 2381 1338 2471; baseline -0.003 -20"><span class='ocrx_word' id='word_1_166' title='bbox 91 2381 178 2461; x_wconf 39' lang='lat' dir='ltr'>„papa</span> <span class='ocrx_word' id='word_1_167' title='bbox 187 2389 298 2453; x_wconf 89' lang='lat' dir='ltr'>civitas</span> <span class='ocrx_word' id='word_1_168' title='bbox 322 2389 455 2454; x_wconf 89' lang='lat' dir='ltr'>munita.</span> <span class='ocrx_word' id='word_1_169' title='bbox 501 2389 626 2453; x_wconf 90' lang='lat' dir='ltr'>Primus</span> <span class='ocrx_word' id='word_1_170' title='bbox 650 2393 698 2452; x_wconf 89' lang='lat' dir='ltr'>est</span> <span class='ocrx_word' id='word_1_171' title='bbox 713 2387 908 2471; x_wconf 86' lang='lat' dir='ltr'>principalis,</span> <span class='ocrx_word' id='word_1_172' title='bbox 932 2386 983 2450; x_wconf 92' lang='lat' dir='ltr'>cui</span> <span class='ocrx_word' id='word_1_173' title='bbox 998 2385 1144 2449; x_wconf 89' lang='lat' dir='ltr'>imminet</span> <span class='ocrx_word' id='word_1_174' title='bbox 1159 2386 1338 2448; x_wconf 88' lang='lat' dir='ltr'>conventus</span> 
     </span>
     <span class='ocr_line' id='line_1_21' title="bbox 187 2488 1339 2574; baseline -0.003 -18"><span class='ocrx_word' id='word_1_175' title='bbox 187 2493 444 2558; x_wconf 84' lang='lat' dir='ltr'>Praedioatorum.</span> <span class='ocrx_word' id='word_1_176' title='bbox 486 2494 640 2558; x_wconf 89' lang='lat' dir='ltr'>secundus</span> <span class='ocrx_word' id='word_1_177' title='bbox 669 2496 717 2557; x_wconf 89' lang='lat' dir='ltr'>est</span> <span class='ocrx_word' id='word_1_178' title='bbox 738 2492 816 2555; x_wconf 82' lang='lat' dir='ltr'>valli</span> <span class='ocrx_word' id='word_1_179' title='bbox 838 2493 922 2555; x_wconf 92' lang='lat' dir='ltr'>inter</span> <span class='ocrx_word' id='word_1_180' title='bbox 944 2512 1038 2574; x_wconf 89' lang='lat' dir='ltr'>quem</span> <span class='ocrx_word' id='word_1_181' title='bbox 1071 2494 1103 2553; x_wconf 89' lang='grc'>66</span> <span class='ocrx_word' id='word_1_182' title='bbox 1126 2488 1339 2572; x_wconf 89' lang='lat' dir='ltr'>principalem</span> 
     </span>
     <span class='ocr_line' id='line_1_22' title="bbox 185 2594 1339 2680; baseline -0.004 -17"><span class='ocrx_word' id='word_1_183' title='bbox 185 2622 311 2663; x_wconf 90' lang='lat' dir='ltr'>murum</span> <span class='ocrx_word' id='word_1_184' title='bbox 335 2604 384 2664; x_wconf 90' lang='lat' dir='ltr'>est</span> <span class='ocrx_word' id='word_1_185' title='bbox 405 2600 569 2677; x_wconf 89' lang='lat' dir='ltr'>transitus,</span> <span class='ocrx_word' id='word_1_186' title='bbox 593 2603 625 2662; x_wconf 90' lang='grc'>66</span> <span class='ocrx_word' id='word_1_187' title='bbox 648 2602 696 2662; x_wconf 88' lang='grc'>666</span> <span class='ocrx_word' id='word_1_188' title='bbox 719 2620 827 2661; x_wconf 91' lang='lat' dir='ltr'>murus</span> <span class='ocrx_word' id='word_1_189' title='bbox 849 2596 903 2661; x_wconf 92' lang='lat' dir='ltr'>ille</span> <span class='ocrx_word' id='word_1_190' title='bbox 926 2596 1044 2680; x_wconf 89' lang='lat' dir='ltr'>spissus</span> <span class='ocrx_word' id='word_1_191' title='bbox 1068 2599 1100 2659; x_wconf 92' lang='grc'>66</span> <span class='ocrx_word' id='word_1_192' title='bbox 1121 2594 1284 2659; x_wconf 90' lang='lat' dir='ltr'>moenibus</span> <span class='ocrx_word' id='word_1_193' title='bbox 1301 2616 1339 2658; x_wconf 89' lang='lat' dir='ltr'>ac</span> 
     </span>
     <span class='ocr_line' id='line_1_23' title="bbox 185 2699 1338 2787; baseline -0.003 -20"><span class='ocrx_word' id='word_1_194' title='bbox 185 2704 350 2768; x_wconf 86' lang='lat' dir='ltr'>fortalitiis</span> <span class='ocrx_word' id='word_1_195' title='bbox 367 2706 508 2769; x_wconf 90' lang='lat' dir='ltr'>munitus</span> <span class='ocrx_word' id='word_1_196' title='bbox 525 2709 556 2769; x_wconf 86' lang='lat' dir='ltr'>et</span> <span class='ocrx_word' id='word_1_197' title='bbox 573 2708 703 2768; x_wconf 89' lang='lat' dir='ltr'>ornatus</span> <span class='ocrx_word' id='word_1_198' title='bbox 719 2726 775 2787; x_wconf 90' lang='lat' dir='ltr'>per</span> <span class='ocrx_word' id='word_1_199' title='bbox 791 2707 895 2767; x_wconf 89' lang='lat' dir='ltr'>totum</span> <span class='ocrx_word' id='word_1_200' title='bbox 913 2723 1029 2786; x_wconf 82' lang='lat' dir='ltr'>gyrum</span> <span class='ocrx_word' id='word_1_201' title='bbox 1044 2699 1193 2780; x_wconf 65' lang='lat' dir='ltr'>civitatis</span> <span class='ocrx_word' id='word_1_202' title='bbox 1218 2702 1338 2765; x_wconf 87' lang='lat' dir='ltr'>tertius</span> 
     </span>
     <span class='ocr_line' id='line_1_24' title="bbox 184 2807 1337 2885; baseline -0.001 -13"><span class='ocrx_word' id='word_1_203' title='bbox 184 2831 292 2873; x_wconf 90' lang='lat' dir='ltr'>murus</span> <span class='ocrx_word' id='word_1_204' title='bbox 315 2813 363 2873; x_wconf 90' lang='lat' dir='ltr'>est</span> <span class='ocrx_word' id='word_1_205' title='bbox 385 2810 469 2874; x_wconf 90' lang='lat' dir='ltr'>inter</span> <span class='ocrx_word' id='word_1_206' title='bbox 492 2810 647 2873; x_wconf 89' lang='lat' dir='ltr'>fossatum</span> <span class='ocrx_word' id='word_1_207' title='bbox 670 2812 702 2874; x_wconf 90' lang='lat' dir='ltr'>et</span> <span class='ocrx_word' id='word_1_208' title='bbox 724 2808 919 2885; x_wconf 87' lang='lat' dir='ltr'>Danubium,</span> <span class='ocrx_word' id='word_1_209' title='bbox 941 2807 975 2870; x_wconf 92' lang='lat' dir='ltr'>in</span> <span class='ocrx_word' id='word_1_210' title='bbox 999 2807 1223 2870; x_wconf 84' lang='lat' dir='ltr'>medicantem</span> <span class='ocrx_word' id='word_1_211' title='bbox 1241 2829 1337 2871; x_wconf 90' lang='lat' dir='ltr'>muro</span> 
     </span>
     <span class='ocr_line' id='line_1_25' title="bbox 184 2911 1339 2999; baseline -0.001 -22"><span class='ocrx_word' id='word_1_212' title='bbox 184 2918 232 2977; x_wconf 90' lang='lat' dir='ltr'>est</span> <span class='ocrx_word' id='word_1_213' title='bbox 261 2937 360 2978; x_wconf 91' lang='lat' dir='ltr'>unum</span> <span class='ocrx_word' id='word_1_214' title='bbox 389 2915 664 2999; x_wconf 87' lang='lat' dir='ltr'>propugnaculum</span> <span class='ocrx_word' id='word_1_215' title='bbox 694 2914 778 2978; x_wconf 88' lang='lat' dir='ltr'>inter</span> <span class='ocrx_word' id='word_1_216' title='bbox 801 2913 1048 2977; x_wconf 84' lang='lat' dir='ltr'>Praedicatorum</span> <span class='ocrx_word' id='word_1_217' title='bbox 1080 2911 1275 2976; x_wconf 73' lang='lat' dir='ltr'>conuentum</span> <span class='ocrx_word' id='word_1_218' title='bbox 1303 2917 1339 2976; x_wconf 87' lang='lat' dir='ltr'>et</span> 
     </span>
     <span class='ocr_line' id='line_1_26' title="bbox 183 3016 1338 3103; baseline -0.001 -21"><span class='ocrx_word' id='word_1_219' title='bbox 183 3018 349 3102; x_wconf 91' lang='lat' dir='ltr'>hospitale,</span> <span class='ocrx_word' id='word_1_220' title='bbox 375 3021 459 3103; x_wconf 92' lang='lat' dir='ltr'>quod</span> <span class='ocrx_word' id='word_1_221' title='bbox 483 3021 578 3084; x_wconf 90' lang='lat' dir='ltr'>etiam</span> <span class='ocrx_word' id='word_1_222' title='bbox 601 3020 747 3083; x_wconf 89' lang='lat' dir='ltr'>imminet</span> <span class='ocrx_word' id='word_1_223' title='bbox 769 3016 938 3102; x_wconf 86' lang='lat' dir='ltr'>principali</span> <span class='ocrx_word' id='word_1_224' title='bbox 954 3034 1045 3081; x_wconf 89' lang='lat' dir='ltr'>muro</span> <span class='ocrx_word' id='word_1_225' title='bbox 1061 3016 1144 3079; x_wconf 89' lang='lat' dir='ltr'>sicut</span> <span class='ocrx_word' id='word_1_226' title='bbox 1159 3021 1338 3081; x_wconf 88' lang='lat' dir='ltr'>conventus</span> 
     </span>
     <span class='ocr_line' id='line_1_27' title="bbox 132 3120 1338 3209; baseline -0.002 -21"><span class='ocrx_word' id='word_1_227' title='bbox 132 3165 138 3180; x_wconf 57' lang='grc' dir='ltr'>ι</span> <span class='ocrx_word' id='word_1_228' title='bbox 182 3124 446 3203; x_wconf 88' lang='lat' dir='ltr'>Praedicatorum,</span> <span class='ocrx_word' id='word_1_229' title='bbox 474 3148 531 3190; x_wconf 92' lang='lat' dir='ltr'>nec</span> <span class='ocrx_word' id='word_1_230' title='bbox 554 3130 603 3190; x_wconf 87' lang='lat' dir='ltr'>est</span> <span class='ocrx_word' id='word_1_231' title='bbox 625 3148 680 3209; x_wconf 90' lang='lat' dir='ltr'>per</span> <span class='ocrx_word' id='word_1_232' title='bbox 703 3129 808 3188; x_wconf 87' lang='lat' dir='ltr'>totum</span> <span class='ocrx_word' id='word_1_233' title='bbox 831 3123 914 3187; x_wconf 88' lang='lat' dir='ltr'>muri</span> <span class='ocrx_word' id='word_1_234' title='bbox 937 3143 1052 3207; x_wconf 87' lang='lat' dir='ltr'>gyrum</span> <span class='ocrx_word' id='word_1_235' title='bbox 1082 3120 1191 3204; x_wconf 87' lang='lat' dir='ltr'>aliqua</span> <span class='ocrx_word' id='word_1_236' title='bbox 1221 3121 1338 3186; x_wconf 88' lang='lat' dir='ltr'>domus</span> 
     </span>
     <span class='ocr_line' id='line_1_28' title="bbox 182 3226 1337 3314; baseline -0.003 -20"><span class='ocrx_word' id='word_1_237' title='bbox 182 3230 351 3294; x_wconf 89' lang='lat' dir='ltr'>imminens</span> <span class='ocrx_word' id='word_1_238' title='bbox 375 3253 464 3295; x_wconf 90' lang='lat' dir='ltr'>muro</span> <span class='ocrx_word' id='word_1_239' title='bbox 488 3232 665 3314; x_wconf 91' lang='lat' dir='ltr'>principali,</span> <span class='ocrx_word' id='word_1_240' title='bbox 689 3231 751 3294; x_wconf 89' lang='lat' dir='ltr'>nisi</span> <span class='ocrx_word' id='word_1_241' title='bbox 774 3231 885 3294; x_wconf 90' lang='lat' dir='ltr'>domus</span> <span class='ocrx_word' id='word_1_242' title='bbox 901 3228 1152 3293; x_wconf 85' lang='lat' dir='ltr'>Praedioatorum</span> <span class='ocrx_word' id='word_1_243' title='bbox 1175 3231 1207 3290; x_wconf 89' lang='lat' dir='ltr'>et</span> <span class='ocrx_word' id='word_1_244' title='bbox 1221 3226 1337 3310; x_wconf 88' lang='lat' dir='ltr'>hospi·</span> 
     </span>
     <span class='ocr_line' id='line_1_29' title="bbox 183 3332 1338 3418; baseline -0.004 -18"><span class='ocrx_word' id='word_1_245' title='bbox 183 3336 386 3409; x_wconf 69' lang='lat' dir='ltr'>telariorum,</span> <span class='ocrx_word' id='word_1_246' title='bbox 425 3335 462 3400; x_wconf 91' lang='lat' dir='ltr'>ln</span> <span class='ocrx_word' id='word_1_247' title='bbox 486 3359 576 3400; x_wconf 91' lang='lat' dir='ltr'>muro</span> <span class='ocrx_word' id='word_1_248' title='bbox 593 3340 709 3415; x_wconf 87' lang='lat' dir='ltr'>autem,</span> <span class='ocrx_word' id='word_1_249' title='bbox 730 3335 780 3400; x_wconf 89' lang='lat' dir='ltr'>oui</span> <span class='ocrx_word' id='word_1_250' title='bbox 800 3332 958 3418; x_wconf 88' lang='lat' dir='ltr'>hospitale</span> <span class='ocrx_word' id='word_1_251' title='bbox 975 3333 1105 3407; x_wconf 86' lang='lat' dir='ltr'>adiacet,</span> <span class='ocrx_word' id='word_1_252' title='bbox 1130 3336 1178 3396; x_wconf 90' lang='lat' dir='ltr'>est</span> <span class='ocrx_word' id='word_1_253' title='bbox 1193 3353 1252 3396; x_wconf 85' lang='lat' dir='ltr'>arx</span> <span class='ocrx_word' id='word_1_254' title='bbox 1268 3332 1338 3396; x_wconf 86' lang='lat' dir='ltr'>alta</span> 
     </span>
     <span class='ocr_line' id='line_1_30' title="bbox 183 3440 1338 3528; baseline -0.004 -23"><span class='ocrx_word' id='word_1_255' title='bbox 183 3446 215 3505; x_wconf 91' lang='lat' dir='ltr'>et</span> <span class='ocrx_word' id='word_1_256' title='bbox 237 3441 329 3505; x_wconf 90' lang='lat' dir='ltr'>firma</span> <span class='ocrx_word' id='word_1_257' title='bbox 352 3463 424 3505; x_wconf 89' lang='lat' dir='ltr'>cum</span> <span class='ocrx_word' id='word_1_258' title='bbox 448 3441 706 3528; x_wconf 88' lang='lat' dir='ltr'>propugnaculis,</span> <span class='ocrx_word' id='word_1_259' title='bbox 731 3464 749 3504; x_wconf 89' lang='lat' dir='ltr'>a</span> <span class='ocrx_word' id='word_1_260' title='bbox 772 3440 888 3524; x_wconf 90' lang='lat' dir='ltr'>quibus</span> <span class='ocrx_word' id='word_1_261' title='bbox 903 3442 1132 3522; x_wconf 87' lang='lat' dir='ltr'>consequenter</span> <span class='ocrx_word' id='word_1_262' title='bbox 1146 3440 1338 3502; x_wconf 84' lang='lat' dir='ltr'>recurvatur</span> 
     </span>
     <span class='ocr_line' id='line_1_31' title="bbox 183 3541 1338 3631; baseline -0.005 -21"><span class='ocrx_word' id='word_1_263' title='bbox 183 3570 291 3611; x_wconf 88' lang='lat' dir='ltr'>murus</span> <span class='ocrx_word' id='word_1_264' title='bbox 314 3548 417 3631; x_wconf 90' lang='lat' dir='ltr'>magis</span> <span class='ocrx_word' id='word_1_265' title='bbox 446 3549 479 3612; x_wconf 90' lang='lat' dir='ltr'>in</span> <span class='ocrx_word' id='word_1_266' title='bbox 504 3547 657 3612; x_wconf 88' lang='lat' dir='ltr'>orientem</span> <span class='ocrx_word' id='word_1_267' title='bbox 688 3569 788 3631; x_wconf 90' lang='lat' dir='ltr'>usque</span> <span class='ocrx_word' id='word_1_268' title='bbox 816 3546 855 3610; x_wconf 90' lang='lat' dir='ltr'>ad</span> <span class='ocrx_word' id='word_1_269' title='bbox 886 3549 1013 3629; x_wconf 89' lang='lat' dir='ltr'>portam</span> <span class='ocrx_word' id='word_1_270' title='bbox 1036 3543 1217 3621; x_wconf 79' lang='lat' dir='ltr'>Aucarum,</span> <span class='ocrx_word' id='word_1_271' title='bbox 1250 3541 1338 3605; x_wconf 90' lang='lat' dir='ltr'>inter</span> 
     </span>
     <span class='ocr_line' id='line_1_32' title="bbox 182 3649 1337 3736; baseline -0.001 -24"><span class='ocrx_word' id='word_1_272' title='bbox 182 3671 278 3732; x_wconf 90' lang='lat' dir='ltr'>quam</span> <span class='ocrx_word' id='word_1_273' title='bbox 301 3656 333 3715; x_wconf 90' lang='lat' dir='ltr'>et</span> <span class='ocrx_word' id='word_1_274' title='bbox 355 3652 512 3736; x_wconf 84' lang='lat' dir='ltr'>hospitale</span> <span class='ocrx_word' id='word_1_275' title='bbox 543 3659 591 3717; x_wconf 92' lang='lat' dir='ltr'>est</span> <span class='ocrx_word' id='word_1_276' title='bbox 613 3654 646 3716; x_wconf 92' lang='lat' dir='ltr'>in</span> <span class='ocrx_word' id='word_1_277' title='bbox 672 3675 762 3716; x_wconf 90' lang='lat' dir='ltr'>muro</span> <span class='ocrx_word' id='word_1_278' title='bbox 793 3651 994 3716; x_wconf 87' lang='lat' dir='ltr'>fortalitium.</span> <span class='ocrx_word' id='word_1_279' title='bbox 1041 3649 1072 3713; x_wconf 77' lang='lat' dir='ltr'><strong>A</strong></span> <span class='ocrx_word' id='word_1_280' title='bbox 1101 3651 1195 3732; x_wconf 88' lang='lat' dir='ltr'>porta</span> <span class='ocrx_word' id='word_1_281' title='bbox 1225 3651 1337 3712; x_wconf 90' lang='lat' dir='ltr'>autem</span> 
     </span>
    </p>
   </div>
   <div class='ocr_carea' id='block_1_3' title="bbox 750 3783 763 3812">
    <p class='ocr_par' dir='ltr' id='par_1_3' title="bbox 750 3783 763 3812">
     <span class='ocr_line' id='line_1_33' title="bbox 750 3783 763 3812; baseline 0 0"><span class='ocrx_word' id='word_1_282' title='bbox 750 3783 763 3812; x_wconf 65' lang='lat' dir='ltr'>l*</span> 
     </span>
    </p>
   </div>
   <div class='ocr_carea' id='block_1_4' title="bbox 181 3865 1335 4364">
    <p class='ocr_par' dir='ltr' id='par_1_4' title="bbox 181 3865 1335 4364">
     <span class='ocr_line' id='line_1_34' title="bbox 254 3865 1335 3925; baseline 0 -5"><span class='ocrx_word' id='word_1_283' title='bbox 254 3869 266 3920; x_wconf 90' lang='lat' dir='ltr'>l</span> <span class='ocrx_word' id='word_1_284' title='bbox 287 3867 321 3922; x_wconf 93' lang='lat' dir='ltr'>de</span> <span class='ocrx_word' id='word_1_285' title='bbox 340 3867 472 3923; x_wconf 85' lang='lat' dir='ltr'>custodiis</span> <span class='ocrx_word' id='word_1_286' title='bbox 492 3869 562 3923; x_wconf 87' lang='lat' dir='ltr'>arcis</span> <span class='ocrx_word' id='word_1_287' title='bbox 581 3869 661 3925; x_wconf 85' lang='lat' dir='ltr'>Gold.</span> <span class='ocrx_word' id='word_1_288' title='bbox 681 3871 722 3924; x_wconf 87' lang='lat' dir='ltr'>ut.</span> <span class='ocrx_word' id='word_1_289' title='bbox 763 3869 797 3924; x_wconf 90' lang='lat' dir='ltr'>de</span> <span class='ocrx_word' id='word_1_290' title='bbox 815 3867 948 3923; x_wconf 87' lang='lat' dir='ltr'>custodiis</span> <span class='ocrx_word' id='word_1_291' title='bbox 974 3867 1044 3921; x_wconf 87' lang='lat' dir='ltr'>artis</span> <span class='ocrx_word' id='word_1_292' title='bbox 1063 3865 1124 3921; x_wconf 84' lang='lat' dir='ltr'>Sch.</span> <span class='ocrx_word' id='word_1_293' title='bbox 1143 3866 1188 3920; x_wconf 88' lang='lat' dir='ltr'>Kl.</span> <span class='ocrx_word' id='word_1_294' title='bbox 1213 3866 1289 3921; x_wconf 85' lang='lat' dir='ltr'>Mon.</span> <span class='ocrx_word' id='word_1_295' title='bbox 1310 3868 1335 3920; x_wconf 92' lang='lat' dir='ltr'>l.</span> 
     </span>
     <span class='ocr_line' id='line_1_35' title="bbox 183 3944 1335 4021; baseline 0.002 -14"><span class='ocrx_word' id='word_1_296' title='bbox 183 3955 223 4009; x_wconf 74' lang='lat' dir='ltr'>ne</span> <span class='ocrx_word' id='word_1_297' title='bbox 241 3955 368 4010; x_wconf 77' lang='lat' dir='ltr'>custodia</span> <span class='ocrx_word' id='word_1_298' title='bbox 387 3956 416 4009; x_wconf 73' lang='lat' dir='ltr'>in</span> <span class='ocrx_word' id='word_1_299' title='bbox 436 3956 630 4011; x_wconf 72' lang='lat' dir='ltr'>habitaculum</span> <span class='ocrx_word' id='word_1_300' title='bbox 650 3944 749 4021; x_wconf 76' lang='lat' dir='ltr'>wael,</span> <span class='ocrx_word' id='word_1_301' title='bbox 770 3957 840 4011; x_wconf 74' lang='lat' dir='ltr'>artis</span> <span class='ocrx_word' id='word_1_302' title='bbox 858 3955 931 4010; x_wconf 75' lang='lat' dir='ltr'>fena</span> <span class='ocrx_word' id='word_1_303' title='bbox 949 3956 994 4009; x_wconf 78' lang='lat' dir='ltr'>aa</span> <span class='ocrx_word' id='word_1_304' title='bbox 1013 3954 1182 4010; x_wconf 64' lang='lat' dir='ltr'>damnaria.</span> <span class='ocrx_word' id='word_1_305' title='bbox 1219 3954 1236 4007; x_wconf 86' lang='lat'>2</span> <span class='ocrx_word' id='word_1_306' title='bbox 1257 3954 1335 4009; x_wconf 65' lang='lat' dir='ltr'>raba</span> 
     </span>
     <span class='ocr_line' id='line_1_36' title="bbox 182 4041 1335 4114; baseline 0.001 -18"><span class='ocrx_word' id='word_1_307' title='bbox 182 4042 255 4096; x_wconf 89' lang='lat' dir='ltr'>rium</span> <span class='ocrx_word' id='word_1_308' title='bbox 274 4043 347 4098; x_wconf 89' lang='lat' dir='ltr'>Mon.</span> <span class='ocrx_word' id='word_1_309' title='bbox 369 4045 391 4098; x_wconf 90' lang='lat'>1.</span> <span class='ocrx_word' id='word_1_310' title='bbox 429 4044 568 4100; x_wconf 86' lang='lat' dir='ltr'>laberium</span> <span class='ocrx_word' id='word_1_311' title='bbox 588 4045 648 4101; x_wconf 86' lang='lat' dir='ltr'>Sch.</span> <span class='ocrx_word' id='word_1_312' title='bbox 702 4047 775 4100; x_wconf 88' lang='lat' dir='ltr'>3res</span> <span class='ocrx_word' id='word_1_313' title='bbox 788 4063 825 4114; x_wconf 92' lang='lat' dir='ltr'>pu</span> <span class='ocrx_word' id='word_1_314' title='bbox 839 4043 963 4098; x_wconf 84' lang='lat' dir='ltr'>civitatis</span> <span class='ocrx_word' id='word_1_315' title='bbox 982 4044 1124 4097; x_wconf 88' lang='lat' dir='ltr'>tractatur</span> <span class='ocrx_word' id='word_1_316' title='bbox 1136 4041 1211 4098; x_wconf 85' lang='lat' dir='ltr'>Mon.</span> <span class='ocrx_word' id='word_1_317' title='bbox 1228 4045 1252 4097; x_wconf 91' lang='lat' dir='ltr'>l.</span> <span class='ocrx_word' id='word_1_318' title='bbox 1291 4060 1335 4097; x_wconf 85' lang='lat' dir='ltr'>res</span> 
     </span>
     <span class='ocr_line' id='line_1_37' title="bbox 181 4129 1333 4201; baseline -0.001 -18"><span class='ocrx_word' id='word_1_319' title='bbox 181 4130 294 4200; x_wconf 88' lang='lat' dir='ltr'>publica</span> <span class='ocrx_word' id='word_1_320' title='bbox 312 4129 438 4184; x_wconf 87' lang='lat' dir='ltr'>civitatis</span> <span class='ocrx_word' id='word_1_321' title='bbox 457 4131 516 4184; x_wconf 84' lang='lat' dir='ltr'>Sch.</span> <span class='ocrx_word' id='word_1_322' title='bbox 553 4133 671 4201; x_wconf 88' lang='lat' dir='ltr'>respub</span> <span class='ocrx_word' id='word_1_323' title='bbox 690 4133 813 4198; x_wconf 66' lang='lat' dir='ltr'>ciuitatis</span> <span class='ocrx_word' id='word_1_324' title='bbox 832 4132 875 4185; x_wconf 89' lang='lat' dir='ltr'>Kl.</span> <span class='ocrx_word' id='word_1_325' title='bbox 913 4130 1070 4201; x_wconf 88' lang='lat' dir='ltr'>respublica</span> <span class='ocrx_word' id='word_1_326' title='bbox 1095 4129 1220 4185; x_wconf 85' lang='lat' dir='ltr'>civitatis</span> <span class='ocrx_word' id='word_1_327' title='bbox 1248 4129 1333 4185; x_wconf 89' lang='lat' dir='ltr'>Wibl.</span> 
     </span>
     <span class='ocr_line' id='line_1_38' title="bbox 183 4217 1332 4287; baseline 0.003 -16"><span class='ocrx_word' id='word_1_328' title='bbox 183 4220 324 4272; x_wconf 87' lang='lat' dir='ltr'>tractatur</span> <span class='ocrx_word' id='word_1_329' title='bbox 343 4217 402 4271; x_wconf 83' lang='lat' dir='ltr'>Sch.</span> <span class='ocrx_word' id='word_1_330' title='bbox 421 4217 465 4270; x_wconf 87' lang='lat' dir='ltr'>Kl.</span> <span class='ocrx_word' id='word_1_331' title='bbox 487 4217 572 4272; x_wconf 91' lang='lat' dir='ltr'>Wibl.</span> <span class='ocrx_word' id='word_1_332' title='bbox 660 4222 678 4272; x_wconf 89' lang='lat'>4</span> <span class='ocrx_word' id='word_1_333' title='bbox 704 4219 738 4273; x_wconf 81' lang='lat'>42</span> <span class='ocrx_word' id='word_1_334' title='bbox 763 4219 858 4274; x_wconf 87' lang='lat' dir='ltr'>menia</span> <span class='ocrx_word' id='word_1_335' title='bbox 885 4219 959 4274; x_wconf 88' lang='lat' dir='ltr'>Mon.</span> <span class='ocrx_word' id='word_1_336' title='bbox 980 4220 1002 4274; x_wconf 91' lang='lat'>1.</span> <span class='ocrx_word' id='word_1_337' title='bbox 1053 4218 1250 4287; x_wconf 85' lang='lat' dir='ltr'>quadraginta</span> <span class='ocrx_word' id='word_1_338' title='bbox 1278 4219 1332 4275; x_wconf 88' lang='lat' dir='ltr'>duo</span> 
     </span>
     <span class='ocr_line' id='line_1_39' title="bbox 182 4304 1332 4364; baseline 0.002 -6"><span class='ocrx_word' id='word_1_339' title='bbox 182 4305 292 4360; x_wconf 90' lang='lat' dir='ltr'>moenia</span> <span class='ocrx_word' id='word_1_340' title='bbox 311 4304 372 4359; x_wconf 87' lang='lat' dir='ltr'>Sch.</span> <span class='ocrx_word' id='word_1_341' title='bbox 391 4305 436 4360; x_wconf 85' lang='lat' dir='ltr'>Kl.</span> <span class='ocrx_word' id='word_1_342' title='bbox 451 4306 535 4359; x_wconf 90' lang='lat' dir='ltr'>Wibl.</span> <span class='ocrx_word' id='word_1_343' title='bbox 574 4307 677 4360; x_wconf 89' lang='lat' dir='ltr'>XLllll</span> <span class='ocrx_word' id='word_1_344' title='bbox 690 4307 802 4364; x_wconf 84' lang='lat' dir='ltr'>moenie</span> <span class='ocrx_word' id='word_1_345' title='bbox 819 4306 900 4362; x_wconf 84' lang='lat' dir='ltr'>Gold.</span> <span class='ocrx_word' id='word_1_346' title='bbox 918 4307 958 4360; x_wconf 91' lang='lat' dir='ltr'>ut.</span> <span class='ocrx_word' id='word_1_347' title='bbox 994 4306 1079 4360; x_wconf 84' lang='lat' dir='ltr'>Allen</span> <span class='ocrx_word' id='word_1_348' title='bbox 1091 4304 1165 4358; x_wconf 87' lang='lat' dir='ltr'>fehlt</span> <span class='ocrx_word' id='word_1_349' title='bbox 1177 4305 1229 4360; x_wconf 85' lang='lat' dir='ltr'>des</span> <span class='ocrx_word' id='word_1_350' title='bbox 1244 4306 1332 4360; x_wconf 89' lang='lat' dir='ltr'>durch</span> 
     </span>
    </p>
   </div>
   <div class='ocr_carea' id='block_1_5' title="bbox 181 4392 910 4464">
    <p class='ocr_par' dir='ltr' id='par_1_5' title="bbox 181 4392 910 4464">
     <span class='ocr_line' id='line_1_40' title="bbox 181 4392 910 4464; baseline 0.003 -19"><span class='ocrx_word' id='word_1_351' title='bbox 181 4392 242 4447; x_wconf 87' lang='lat' dir='ltr'>eine</span> <span class='ocrx_word' id='word_1_352' title='bbox 261 4394 402 4463; x_wconf 81' lang='lat' dir='ltr'>conjectur</span> <span class='ocrx_word' id='word_1_353' title='bbox 421 4411 476 4449; x_wconf 90' lang='lat' dir='ltr'>von</span> <span class='ocrx_word' id='word_1_354' title='bbox 495 4394 549 4447; x_wconf 91' lang='lat' dir='ltr'>mir</span> <span class='ocrx_word' id='word_1_355' title='bbox 567 4394 785 4463; x_wconf 85' lang='lat' dir='ltr'>eingeschobene</span> <span class='ocrx_word' id='word_1_356' title='bbox 804 4411 910 4464; x_wconf 83' lang='lat' dir='ltr'>passus.</span> 
     </span>
    </p>
   </div>
   <div class='ocr_carea' id='block_1_6' title="bbox 0 0 1408 4964">
    <p class='ocr_par' dir='ltr' id='par_1_6' title="bbox 0 0 1408 4964">
     <span class='ocr_line' id='line_1_41' title="bbox 0 0 1408 4964; baseline 0 0"><span class='ocrx_word' id='word_1_357' title='bbox 0 0 1408 4964; x_wconf 95' lang='lat' dir='ltr'> </span> 
     </span>
    </p>
   </div>
  </div>
 </body>
</html>
