2806 4964
683 341 725 405 60

131 520 205 586 Ideo
228 521 357 598 famosi,
389 515 604 601 praecellentes
638 519 670 579 et
692 513 860 579 clarissimi
884 518 1063 592 senatoreS,
1097 513 1279 597 optimates,

131 625 349 710 magistratus,
372 622 538 707 primatus,
563 624 736 704 potestates
752 621 958 685 nominantur
973 619 1182 704 singulariter
1199 606 1279 684 cives

130 732 324 796 famosarum
347 730 513 794 civitatum
536 731 573 791 ut
595 725 692 791 Ulma
714 729 771 790 est.
817 726 861 789 Et
884 725 919 788 bi
935 726 1017 789 cives
1041 725 1161 808 absque
1185 724 1280 788 dubio

131 836 197 902 veri
213 834 335 900 nobiles
359 836 434 898 suut
457 834 506 913 (ut
528 835 618 914 patet
635 832 674 895 79
699 831 742 914 (v.
759 830 813 914 49)
839 830 904 914 dig.
928 830 957 894 si
972 829 1043 914 quis
1064 829 1281 895 sacerdotibus

132 946 164 1006 et
185 941 220 1004 in
234 920 342 1026 glossa
366 938 409 1023 1).
456 936 529 1002 Ideo
547 937 689 1001 Clemens
713 959 796 1019 papa
811 936 937 1019 scripsit
960 937 1000 999 ad
1015 934 1188 1019 Neapolim
1204 937 1280 1000 civi·

115 1046 261 1110 1catem1
300 1046 334 1107 in
366 1041 648 1126 superscriptione:
682 1040 855 1106 Nobilibus
888 1041 1009 1106 civibus
1033 1044 1109 1118 etc,
1146 1039 1281 1105 innuens

132 1151 214 1214 cives
245 1171 311 1214 esse
333 1148 464 1213 nobiles.
511 1146 578 1211 Nec
601 1146 732 1209 dubium
766 1146 886 1225 habeo,
918 1147 945 1210 si
975 1168 1066 1230 papae
1097 1148 1282 1210 constarent

132 1256 327 1340 genealogiae
358 1258 389 1317 et
422 1253 560 1336 origines
593 1252 706 1316 civium
738 1252 946 1331 ulmensium,
978 1253 1087 1316 eodem
1118 1250 1217 1315 titulo
1240 1253 1283 1314 eis

133 1361 293 1439 scriberet,
317 1380 388 1422 cum
411 1357 562 1421 nobilitas
578 1355 681 1420 Italiae
707 1355 848 1420 obscuris
871 1360 903 1420 et
920 1356 1106 1420 adulterinis
1129 1356 1283 1419 commix-

134 1465 277 1530 tionibus
293 1465 407 1528 vitiata
423 1463 474 1542 sit,
496 1463 571 1546 quia
586 1462 770 1546 frequenter
786 1462 931 1526 audimus
948 1461 1113 1526 bastardus
1129 1459 1285 1525 Italorum

134 1572 168 1635 in
192 1570 402 1655 dignitatibus
426 1568 551 1651 magnis
574 1567 719 1650 patribus
743 1568 923 1646 succedere,
949 1567 1033 1651 quod
1057 1566 1140 1650 apud
1165 1565 1285 1631 Suevos

135 1675 224 1739 nullo
247 1674 340 1738 modo
364 1673 558 1751 admittitur,
591 1693 649 1735 neo
672 1671 779 1756 aliqua
802 1673 995 1756 dispensatio
1019 1676 1075 1737 aut
1097 1671 1284 1736 habilitatio

136 1781 175 1843 ad
198 1780 257 1844 boc
273 1779 391 1843 Suevos
414 1779 560 1842 inducere
576 1781 691 1860 posset,
715 1781 751 1841 ut
775 1778 917 1862 regimen
941 1777 1083 1843 bastardi
1106 1777 1206 1844 etiam
1221 1775 1285 1840 lm·

136 1868 292 1968 peratoris
323 1884 525 1947 sustinerent.
568 1883 659 1947 credo
690 1884 773 1947 euim
804 1883 888 1967 quod
915 1882 1084 1949 Ulmenses
1115 1885 1285 1965 antequam

136 1991 322 2054 bastardum
346 2011 403 2072 pro
427 1989 582 2073 magistro
612 1989 728 2051 civium
753 1989 931 2071 acciperent
953 1989 1049 2053 etiam
1072 1988 1287 2071 cuiuscunque

106 2176 110 2187 Ι
137 2096 289 2179 principis
305 2095 417 2172 filium,
442 2094 523 2178 quod
542 2094 648 2176 potius
664 2093 726 2176 ipsi
742 2095 970 2178 rempublicam
986 2093 1150 2178 propriam
1175 2093 1288 2158 dissol-

137 2205 261 2281 verent,
295 2201 370 2284 quia
392 2200 497 2263 sciunt
520 2197 687 2263 Salomone
710 2199 853 2278 docente,
878 2202 961 2284 quod
985 2199 1171 2264 adulterinae
1194 2199 1286 2284 plan·

138 2309 273 2370 tationes
305 2328 369 2369 uon
391 2305 512 2368 dabunt
543 2303 624 2367 altas
650 2304 779 2383 radices,
796 2303 869 2389 Sap.
894 2304 952 2385 4²,
977 2310 1009 2370 et
1032 2305 1116 2388 quod
1144 2303 1287 2368 bastardi

142 2412 278 2475 tendunt
301 2413 340 2475 ad
365 2410 610 2496 ignobilitatem.
641 2431 698 2473 nec
721 2413 847 2474 tantum
875 2411 1039 2475 bastardos
1063 2409 1290 2473 abominantur

125 2501 255 2580 ‘habere
286 2515 470 2599 praefectos,
503 2515 556 2578 sed
586 2536 674 2597 aeque
704 2516 847 2599 graviter
876 2519 908 2578 et
943 2515 1150 2598 impatienter
1180 2514 1288 2579 ferunt

139 2621 354 2685 adulterorum
371 2620 555 2684 dominium.
601 2619 675 2684 ldeo
698 2642 769 2684 cum
791 2643 874 2704 papa
890 2622 1058 2705 praedictus
1075 2620 1188 2684 scribit
1203 2618 1289 2685 Nea·
1362 2651 1401 2662 -

139 2725 299 2809 politanus
324 2748 390 2790 esse
406 2726 488 2790 cives
511 2725 644 2804 nobiles,
669 2726 816 2810 designat
832 2727 928 2790 etiam
952 2727 1035 2790 cives
1051 2725 1189 2790 aliarum
1211 2725 1288 2790 ciri·
1358 2754 1397 2767 -

140 2834 244 2895 tatum
260 2830 455 2894 famosarum
478 2851 545 2894 esse
561 2830 693 2895 nobiles.
740 2829 954 2916 Singulariter
970 2836 1076 2896 tamen
1099 2830 1150 2894 illi
1165 2830 1288 2895 nobiles
1346 2847 1395 2887 ε

140 2936 222 3000 cives
254 2936 518 3018 comprobantur,
551 2936 606 3019 qui
628 2959 685 3018 per
715 2936 832 3020 gradus
862 2959 936 3001 suos
965 2937 1012 3000 ita
1035 2936 1137 3000 altum
1160 2935 1289 3000 initium
1330 2951 1395 2996 ,ι

141 3043 353 3125 sumpserunt,
377 3039 463 3101 utin
479 3039 646 3103 hominum
658 3042 811 3105 memoria
826 3064 890 3106 non
907 3043 1031 3121 existat,
1056 3045 1089 3105 et
1105 3041 1193 3106 ultra
1206 3063 1290 3106 nuno
1312 3054 1396 3099 :2

140 3146 316 3210 virentium
332 3146 480 3209 notitiam
497 3168 529 3209 se
545 3147 694 3211 extendat
710 3148 777 3211 sine
792 3152 869 3211 nota
885 3148 1148 3234 degenerationis.
1190 3146 1290 3215 ,Unde
1307 3159 1397 3206 6

141 3251 309 3315 Cassianus
342 3251 376 3313 in
400 3250 536 3334 quadam
570 3251 721 3334 epistola:
757 3251 926 3317 laudabilis
958 3275 1039 3317 vena
1070 3275 1163 3316 suam
1185 3256 1291 3318 serrat

142 3356 307 3442 originem.
355 3354 490 3438 Propter
506 3357 589 3420 hauc
604 3357 806 3421 nobilitatem
822 3360 1030 3423 nominantur
1045 3359 1131 3423 cives
1147 3355 1346 3443 generosi*
1354 3345 1402 3409 ε’

142 3462 276 3527 maiores
308 3464 387 3525 natu
410 3465 443 3525 et
465 3462 585 3526 domini
608 3463 647 3527 de
676 3465 882 3548 genealogiis,
930 3464 991 3528 Pro
1015 3486 1078 3548 quo
1101 3467 1212 3528 tamen
1234 3487 1362 3528 no-··
1378 3479 1393 3505 ⁴

142 3567 275 3631 tandum
307 3571 355 3631 est
386 3567 470 3651 quod
500 3568 533 3631 in
564 3568 682 3651 duplici
714 3569 892 3634 differentia
923 3569 1131 3634 inveniuntur
1160 3569 1306 3647 nobiles.
1335 3580 1401 3617 θ

144 3673 272 3756 quidam
288 3672 433 3752 maiores,
451 3673 505 3736 alii
521 3673 670 3738 dicuntur
688 3675 834 3739 minores.
874 3673 1011 3738 Maiores
1027 3677 1103 3738 sunt
1118 3673 1175 3758 qui
1192 3695 1334 3758 quon-
1344 3679 1402 3726 11

144 3778 216 3841 dam
239 3801 258 3841 a
281 3777 403 3842 Graecia
433 3800 504 3842 cum
538 3778 684 3843 Troianis
717 3779 751 3842 in
773 3778 901 3843 Italiam
935 3780 1024 3843 etin
1047 3778 1125 3843 alias
1149 3779 1316 3862 regiones·
1395 3786 1403 3816 ²

144 3886 296 3948 venerant
318 3887 350 3947 et
373 3905 392 3946 a
414 3882 517 3947 Roma
540 3884 665 3948 demum
688 3907 745 3968 per
766 3883 923 3948 Karolum
954 3884 1058 3948 educti
1088 3883 1122 3947 in
1146 3882 1255 3948 Suari
1272 3911 1304 3939 ι·
1326 3902 1360 3932 ·
1384 3892 1402 3923 ¹¹

709 3993 726 4032 a<

216 4077 229 4128 1
249 4073 317 4129 Hier
336 4073 397 4126 sind
416 4074 548 4143 folgeude
567 4075 767 4144 ablrtirzungen
790 4074 1006 4144 eingescbobeu:
1035 4073 1168 4128 videlicet
1194 4074 1230 4128 39
1249 4073 1267 4127 d
1360 4061 1387 4112 J

144 4164 243 4219 necrus
261 4163 335 4218 uon.
374 4163 408 4217 39
433 4162 499 4216 orec.
523 4180 544 4217 ο.
568 4166 664 4232 petrus
684 4163 770 4217 wau.
806 4162 989 4223 troarnensi
1015 4160 1045 4214 n
1068 4160 1168 4214 necrus
1194 4142 1399 4215 strab-d

145 4253 189 4306 m.
226 4253 258 4306 31
279 4250 343 4306 oisc.
363 4267 385 4305 0.
404 4250 503 4305 rarus
523 4249 642 4305 sermio.
681 4269 734 4303 nur
753 4251 805 4304 aa
825 4250 917 4304 haben
936 4248 1005 4303 cor.
1026 4248 1100 4302 sess.
1156 4247 1259 4317 asap.
1384 4232 1399 4284 4

145 4342 217 4396 fehlt
236 4340 282 4395 bei
300 4339 399 4394 Schad.
419 4337 539 4392 Schmid.
558 4339 602 4395 Kl.
640 4338 787 4394 Salomone
805 4337 921 4395 docente
940 4335 1005 4410 Sap.
1024 4333 1207 4391 3hatWibl.
1243 4332 1312 4387 uf:
1338 4320 1388 4377 ⁴1¹⁶

145 4429 227 4486 stelle
244 4429 283 4482 ist
301 4428 365 4500 Sap.
384 4429 409 4493 4,
427 4428 452 4482 3.
