2806 4964
206 1357 265 1421 De
290 1351 481 1437 origine
504 1353 547 1415 et
569 1349 814 1435 dignitate
835 1347 1096 1416 Suevorum.

323 1488 991 1559 GottfridusViterbiensis¹.

291 1687 376 1775 Orbe
399 1685 600 1752 macedonico
623 1684 747 1769 peperit
769 1689 886 1749 natura
910 1682 1038 1764 Suevos,

290 1794 444 1877 Tempore
465 1791 652 1878 grandevos,
676 1810 828 1873 procerae,
853 1788 893 1852 ad
915 1788 1016 1872 prelia
1039 1811 1137 1854 sevos.

331 1897 466 1985 Ingenio
489 1896 611 1961 validos
633 1895 743 1959 littera
765 1897 877 1959 narrat
899 1916 961 1960 cos.

289 2006 388 2071 Terra
410 2002 584 2068 Suevorum
607 2002 696 2086 prius
718 1999 826 2065 extit‘t
847 1997 1044 2080 Italicorum,

288 2111 400 2176 Mucro
422 2107 641 2173 macedonicus
662 2107 796 2190 populos
819 2106 911 2171 eiecit
933 2127 1050 2186 eorum,

332 2213 499 2299 Marteque
521 2212 678 2298 preripuit
700 2211 854 2297 quidquid
875 2213 910 2276 in
930 2211 1022 2277 hoste
1044 2213 1116 2278 fuit.

290 2318 417 2385 Judicio
441 2317 501 2383 celi
523 2317 730 2382 dominantur
750 2316 784 2380 in
808 2316 885 2381 orbe
908 2315 1012 2396 Saevi,

289 2424 421 2490 Culmen
445 2425 485 2489 ad
506 2423 631 2508 imperii
654 2444 733 2508 gens
756 2423 966 2488 audacissima
988 2423 1085 2501 venit,

333 2529 420 2596 Nam
442 2552 500 2594 sua
522 2528 689 2614 progenies
711 2527 837 2594 romula
859 2549 959 2614 regna
981 2529 1075 2613 regit.

290 2635 409 2700 Militia
431 2635 511 2699 dura
534 2635 667 2719 cupiunt
690 2635 730 2699 ad
753 2635 823 2699 dira
845 2634 975 2719 requiri,

290 2740 386 2806 Cesar
408 2737 448 2804 ab
470 2738 522 2803 his
543 2739 660 2804 meruit
682 2739 869 2805 diadematis
892 2740 968 2804 orbe
990 2740 1098 2825 potiri,

332 2844 507 2930 Regnaque
529 2844 636 2909 sortiri
657 2848 760 2909 marte
782 2844 885 2910 calore
908 2843 1002 2910 viril.

288 2949 383 3016 Nunc
405 2948 522 3034 ubique
544 2948 613 3034 geri
636 2947 814 3033 respublica
836 2949 937 3033 prelia
959 2952 1075 3035 querit,

292 3054 410 3121 Ordine
432 3053 555 3139 primus
577 3053 648 3134 erit,
672 3054 780 3139 gladio
803 3055 874 3120 vult
895 3055 1016 3140 primus
1040 3056 1152 3122 haberi

332 3159 485 3243 Moreque
508 3157 654 3243 signiferi
676 3158 799 3242 primus
820 3159 856 3223 in
878 3160 971 3225 hoste
994 3161 1078 3227 ferite

289 3265 428 3349 Corpore
451 3268 526 3329 sunt
548 3264 693 3349 graciles,
717 3264 816 3349 agiles
840 3269 873 3330 et
895 3267 1010 3331 robore
1034 3269 1154 3352 magni,
1231 3262 1234 3269 ⁴

287 3368 423 3435 Actibus
446 3369 600 3453 ancipites
622 3371 698 3433 sunt
719 3390 808 3434 more
829 3368 941 3451 leonis,
965 3376 998 3437 et
1022 3373 1099 3457 agni

330 3474 429 3553 Mitis,
454 3478 486 3538 et
509 3474 628 3538 austeri
649 3474 761 3538 militis
784 3478 855 3539 acta
876 3475 961 3560 gerit
977 3473 999 3541 ³.

289 3581 428 3665 Hospita
450 3584 536 3644 terra
558 3580 636 3644 satis
658 3602 716 3645 sua
738 3580 793 3644 dat
815 3581 961 3645 convivia
984 3582 1085 3667 gratis
1097 3581 1119 3647 ⁴.

290 3684 417 3751 Vinetis
442 3690 474 3751 et
497 3686 583 3771 agris
606 3684 653 3750 ibi
675 3686 766 3770 copia
787 3684 977 3768 fertilitatis

332 3791 522 3873 Arboribus,
545 3792 656 3876 pratis,
678 3791 818 3872 flumine,
842 3791 927 3877 pisce
949 3792 1023 3858 latis
1039 3791 1062 3856 ⁶.

647 3898 665 3938 a

148 3980 276 4035 lDieses
295 3981 409 4051 gedicht
427 3981 504 4036 steht
527 3981 567 4035 im
586 3981 659 4037 Mon.
679 3981 703 4035 1.
724 3998 769 4036 am
788 3981 912 4053 anfang,
941 4001 991 4040 vor
1011 3985 1059 4039 der
1078 3983 1232 4055 descripcio
1269 3989 1274 4003 ‘

76 4068 212 4138 parcialis
232 4071 326 4124 nostre
345 4070 429 4124 Terre
448 4071 476 4124 et
495 4069 638 4125 Prouincie
660 4069 814 4126 Thentonie
842 4088 876 4125 ac
902 4071 1028 4126 nacionis
1047 4070 1145 4126 Sueuie
1164 4072 1231 4134 etc.;

77 4157 146 4211 aber
168 4156 214 4212 die
233 4157 446 4227 seitenzthlung
464 4158 548 4226 fangt
566 4159 623 4212 erst
644 4157 698 4212 mit
718 4158 808 4213 dieser
831 4177 877 4214 an.
913 4159 964 4213 Die
988 4158 1167 4214 handschrift
1184 4157 1232 4212 das

76 4243 207 4312 gedichts
225 4243 263 4299 ist
281 4244 491 4300 unzweifelhaft
510 4247 582 4301 anch
604 4247 649 4301 die
667 4247 714 4300 des
733 4246 842 4303 doctore
860 4246 1021 4301 Hartmann
1040 4245 1163 4300 Schedel.
1214 4245 1231 4298 2

75 4332 124 4388 So!
208 4330 225 4384 3
244 4329 286 4397 So,
307 4332 385 4387 nicht
404 4334 514 4402 gerunt.
602 4336 619 4388 4
639 4335 674 4391 So
701 4334 775 4390 wohl
793 4353 827 4388 au
846 4335 922 4391 lesen
941 4336 1013 4390 statt
1031 4350 1082 4389 sua
1101 4330 1232 4388 conuiuia

73 4421 126 4476 dat
145 4419 244 4490 gratis.
317 4419 403 4476 580!
