2806 4964
127 491 277 552 causante
300 510 446 552 errorem.
493 487 712 554 Nihilominus
735 493 841 554 tamen
865 512 973 554 omnes
989 491 1130 556 locorum
1146 497 1178 557 et
1193 497 1275 559 tem-

122 615 235 676 porum
265 593 471 676 descriptores
495 617 568 658 suas
591 599 811 679 expresserunt
834 596 1007 679 opiniones,
1032 619 1110 681 quos
1126 621 1183 662 nos
1199 600 1273 663 imi-

123 702 245 777 tamur,
269 700 301 762 et
322 697 458 783 legimus
488 702 519 762 et
548 721 629 783 saepe
661 698 796 764 firmiter
818 703 978 780 tenemus,
1010 702 1094 785 quod
1116 703 1178 787 ipsi
1201 726 1272 768 cum

121 801 292 867 formidine
324 807 356 867 et
377 804 538 887 opinative
568 804 717 868 dixerunt
739 805 777 869 de
808 806 1005 889 temporibus
1037 812 1069 872 et
1091 807 1177 873 locis.
1224 811 1274 875 Ea

122 928 198 992 ergo
222 930 292 992 quae
316 909 354 973 de
378 908 502 994 origine
518 908 656 974 civitatis
673 908 835 974 Ulmensis
854 910 967 990 dicam,
991 917 1174 977 sanctorum
1198 937 1273 978 aue-

123 1013 253 1078 toritate
268 1012 419 1078 roborare
434 1037 567 1099 neque0‚
590 1019 646 1080 aut
662 1015 867 1099 antiquorum
884 1016 1147 1101 philosophorum
1169 1020 1272 1100 diutia,

122 1117 175 1182 sed
199 1140 237 1182 ex
267 1120 493 1212 apparentibus
523 1120 616 1184 nobis
639 1125 671 1185 et
702 1119 909 1215 prasentibus
942 1125 974 1186 et
1001 1123 1084 1186 notis
1115 1125 1292 1209 originem

124 1225 190 1288 eius
215 1224 361 1308 oppinari
383 1224 617 1290 rationabiliter
640 1245 816 1309 possumus.

209 1328 373 1414 Originem
402 1351 478 1414 ergo
515 1329 653 1394 civitatis
687 1328 848 1394 Ulmensis
887 1333 920 1393 et
950 1332 1174 1415 antiquitatem
1206 1333 1272 1396 eius

73 1452 75 1475 ¹
121 1434 314 1519 investigare
345 1457 383 1498 ex
415 1435 537 1500 duobus
572 1458 758 1519 possumus,
793 1435 912 1500 scilicet
942 1458 980 1500 ex
1012 1439 1139 1506 nomine
1171 1444 1203 1503 et
1234 1462 1272 1503 ex

122 1541 294 1626 situatione
316 1540 393 1605 eius.

210 1643 259 1708 Ex
284 1645 412 1710 nomine
435 1647 578 1731 quidem,
605 1647 680 1732 quia
703 1651 828 1712 constat
851 1649 981 1713 nomina
1003 1649 1187 1714 civitatibus
1209 1650 1271 1713 inr-

126 1751 231 1834 posita
252 1772 317 1814 non
340 1744 510 1815 casualiter
537 1752 591 1816 sed
612 1775 651 1816 ex
673 1735 899 1817 deliberatione
925 1753 1141 1832 fundatorum,
1167 1755 1268 1818 nomi-

125 1859 237 1920 nantes
260 1877 312 1919 eas
335 1857 400 1919 suis
424 1856 474 1920 vel
496 1855 635 1920 filiorum
665 1855 856 1920 nominibus.
902 1855 992 1921 Sicut
1019 1862 1092 1922 ante
1115 1857 1271 1923 diluvium

124 1960 203 2024 Cain
225 1960 362 2044 primam
385 1959 523 2025 fundans
545 1961 579 2024 in
601 1959 694 2025 India
716 1961 879 2025 civitatem
903 1983 972 2026 eam
995 1963 1123 2027 nomine
1138 1962 1197 2025 filii
1221 1963 1268 2026 sui

123 2065 235 2130 Enoch
265 2065 443 2130 nominavit
461 2064 487 2145 ¹,
519 2070 551 2130 et
581 2069 655 2150 post
685 2065 838 2129 diluvium
868 2065 1021 2130 Nimroth
1051 2071 1207 2150 tyrannus
1238 2066 1270 2130 in

125 2170 194 2235 loco
217 2170 412 2235 confusionis
427 2169 610 2255 linguarum
626 2170 787 2234 civitatem
809 2192 929 2254 ponens
953 2193 1022 2234 earn
1038 2171 1184 2256 Babylon
1207 2172 1227 2235 i.
1245 2194 1270 2235 e.

123 2276 339 2341 confusionem
361 2275 575 2359 nuncupavit,
599 2275 643 2339 sic
666 2274 771 2340 Salem
796 2275 957 2340 civitatem
973 2273 1078 2340 Salem
1094 2299 1164 2361 quae
1187 2299 1272 2341 nunc

125 2379 325 2447 Jherusalem
341 2382 466 2461 dicitnr,
483 2381 671 2460 nominavit,
698 2404 793 2465 quam
810 2380 1002 2445 destructam
1019 2383 1143 2464 penitus
1160 2382 1271 2446 Helius

126 2485 258 2572 [AElius]
282 2487 443 2552 Adrianus
466 2487 639 2571 imperator
665 2486 854 2551 reaedificans
877 2509 946 2550 eam
973 2485 1100 2551 Heliam
1118 2486 1269 2573 [AEliam]

123 2616 142 2657 a
164 2616 197 2657 se
227 2592 459 2672 denominavit,
489 2592 534 2656 sie
548 2591 722 2675 Dionysius
738 2589 870 2675 Nysam,
894 2590 1018 2655 Medius
1035 2591 1170 2671 Medum,
1196 2593 1271 2656 Per·

123 2720 192 2761 seus
217 2696 356 2778 Persam,
380 2697 425 2762 sic
448 2696 554 2763 Julius
577 2696 747 2762 Juliacum.
793 2697 837 2761 Et
869 2695 1039 2780 aliquando
1071 2699 1200 2762 nomina
1231 2700 1271 2762 ab

123 2803 214 2887 aquis
238 2803 454 2868 adiacentibus
477 2804 662 2869 civitatibus
686 2807 762 2867 sunt
783 2802 952 2886 imposita,
987 2809 1023 2866 ut
1046 2800 1133 2867 Susis
1157 2804 1273 2867 dicitur

123 2931 143 2970 a
166 2907 245 2972 Susa
267 2909 398 2974 flumine
422 2931 489 2974 eam
515 2909 767 2992 praeterfluente.
803 2984 809 2989 ,

127 3072 131 3078 .
210 3013 393 3098 Aliquando
422 3016 462 3080 ab
494 3015 653 3098 aliquibus
681 3013 861 3078 eventibus¹
877 3017 1005 3097 accepta
1037 3017 1112 3077 sunt
1143 3014 1273 3076 nomina
1315 3028 1317 3030 ’

123 3116 305 3199 civitatum,
339 3124 375 3184 ut
406 3119 491 3184 Gaza
522 3120 635 3185 civitas
665 3120 710 3183 sie
742 3122 790 3183 est
821 3119 906 3182 dicta
937 3119 1011 3202 quia
1035 3118 1204 3203 Cambyses
1227 3118 1272 3181 ibi

125 3223 290 3289 thesauros
306 3227 459 3309 repositos
478 3225 600 3302 habuit,
625 3247 698 3288 nam
720 3246 799 3309 gaza
819 3224 902 3288 idem
925 3228 973 3287 est
991 3224 1075 3307 quod
1092 3223 1268 3287 thesaurus

125 3329 169 3394 sic
185 3330 366 3416 Argentina
388 3335 520 3417 propter
554 3334 722 3415 argentum
746 3330 912 3394 collectum
936 3329 969 3392 in
990 3329 1137 3392 aerarium
1153 3327 1272 3391 Roma-

124 3458 248 3516 norum,
266 3441 297 3502 et
312 3437 437 3502 Basilea
453 3437 498 3501 sic
514 3437 598 3500 dicta
614 3435 689 3519 qnia
705 3435 739 3497 in
754 3435 843 3519 regio
857 3435 926 3499 loco
939 3435 981 3499 sit
990 3437 1180 3512 constructa,
1197 3457 1272 3497 nam

123 3542 205 3624 apud
223 3541 347 3608 Graecos
363 3542 474 3608 basilei
491 3543 639 3606 dicuntur
655 3562 754 3626 reges,
772 3538 821 3604 vel
837 3540 952 3604 dicitur
968 3562 987 3602 a
1004 3539 1100 3618 basis,
1124 3540 1207 3623 quod
1224 3544 1271 3604 est

122 3644 374 3731 fundamentum,
398 3652 430 3712 et
453 3649 492 3727 le,
516 3646 601 3730 quod
625 3649 672 3710 est
687 3645 833 3724 firmitas,
857 3649 888 3709 et
911 3645 1028 3708 asine:
1052 3645 1143 3728 quasi
1159 3645 1270 3709 civitas

122 3748 257 3815 fundata
279 3753 347 3816 sine
369 3752 462 3816 firmo
485 3751 711 3828 fundamento,
739 3749 891 3813 vacillans
914 3752 1007 3813 terrae
1030 3749 1187 3827 motibus,
1220 3747 1271 3812 vel

123 3853 238 3919 dicitur
261 3880 279 3920 a
301 3856 396 3936 basia,
420 3857 503 3940 quod
527 3859 575 3920 est
590 3854 736 3940 populus,
760 3858 792 3919 et
807 3854 856 3919 lea
872 3854 1018 3919 ecclesia:
1035 3854 1126 3938 quasi
1141 3854 1272 3918 ecclesia

123 3960 241 4043 populi.
287 3961 414 4047 Vulgus
437 3965 544 4026 tamen
574 3961 652 4025 dicit
674 3960 719 4024 sic
743 3982 811 4025 eam
834 3961 992 4026 nominari
1015 3983 1034 4023 a
1057 3959 1203 4024 basilisco
1226 3959 1271 4022 ibi

122 4063 271 4130 latitante
293 4066 370 4130 olim
395 4070 428 4131 et
446 4067 601 4151 plurimos
617 4089 675 4130 sua
689 4065 885 4149 inspectione
900 4065 1069 4143 inficiente,
1093 4068 1166 4147 post
1182 4063 1271 4128 cuius

121 4167 279 4234 defectum
312 4170 435 4235 civitati
469 4192 585 4235 nomen
617 4170 779 4235 sordidum
811 4168 950 4254 reliquit.
1006 4168 1155 4254 Legimus
1186 4168 1271 4253 quod

688 4302 706 4344 ’l‘

194 4388 207 4443 l
230 4389 239 4440 l
261 4388 329 4445 Mos.
348 4389 373 4455 4,
394 4388 435 4444 17.
