2806 4964
668 347 730 412 182

126 522 249 589 Suevia.
296 520 553 587 Convolaverunt
575 523 681 583 autem
704 519 744 582 ad
768 541 820 583 eas
843 520 952 584 multae
975 520 1099 586 devotae
1122 523 1281 587 nobilium

123 630 199 694 filiae
221 632 254 694 et
275 627 393 692 civium
414 627 453 690 de
474 623 590 703 Ulma,
615 624 751 691 Bibraco
772 630 806 690 et
828 625 899 690 aliis
922 626 1016 706 locis,
1039 627 1212 714 factusque
1236 634 1282 694 est

126 733 323 799 honorabilis
347 737 379 798 et
401 732 541 796 famosus
564 735 745 798 conventus.
793 730 883 796 Obiit
906 737 1014 798 autem
1036 734 1123 799 dicta
1146 757 1279 800 venera·

20 824 197 905 vindicabilis
220 840 349 904 domina
371 859 456 902 anno
481 836 601 916 domiui
619 836 712 914 1480,
737 859 788 902 me
810 837 966 902 existente
987 838 1022 902 in
1046 839 1208 904 dominico
1231 863 1279 905 se-

124 944 234 1030 pulcro
265 945 300 1008 in
327 941 514 1008 Jerusalem.
553 941 642 1006 cuius
674 943 835 1007 decessum
868 964 940 1008 cunr
969 944 1182 1026 audivissem,
1217 969 1279 1011 non

123 1051 248 1115 modica
280 1048 414 1113 tristitia
444 1050 476 1112 et
504 1068 641 1112 moerore
663 1047 794 1112 affectus
817 1048 880 1127 fui,
914 1048 990 1132 quia
1012 1049 1120 1114 fuerat
1142 1051 1225 1115 mihi
1247 1052 1278 1115 iu

125 1155 253 1219 domino
275 1152 543 1230 familiarissima,
573 1156 685 1236 utpote
707 1152 883 1236 spiritualis
914 1158 1016 1220 mater
1037 1159 1070 1219 et
1092 1156 1127 1219 in
1152 1155 1278 1221 Christo

124 1260 201 1324 filia.
248 1258 344 1323 Cuius
375 1257 497 1323 meritis
520 1257 606 1321 haud
636 1257 768 1322 dubium
794 1259 914 1323 factum
944 1263 1006 1338 est,
1039 1265 1077 1324 ut
1106 1265 1183 1344 post
1212 1284 1278 1327 eam

126 1366 226 1430 electa
248 1367 291 1429 sit
319 1363 476 1428 imitatrix
507 1363 579 1428 vitae
602 1367 634 1428 et
664 1385 789 1428 morum
811 1363 921 1450 Agnes
945 1363 1091 1430 Sutterin
1107 1366 1135 1445 ¹,
1167 1367 1279 1431 mulier

34 1536 36 1541 ,
126 1470 237 1554 utique
259 1470 410 1554 religiosa
443 1472 475 1534 et
498 1469 574 1534 adeo
607 1468 720 1537 similis
751 1469 927 1549 defunctae,
963 1475 1000 1535 ut
1023 1494 1088 1536 non
1119 1471 1216 1537 facile
1238 1472 1278 1536 sit

127 1575 303 1640 discernere
317 1575 401 1639 inter
426 1573 684 1658 praedecessorem
700 1578 732 1640 et
747 1573 999 1659 subsequentem.
1038 1575 1156 1661 Sisque
1171 1600 1277 1643 mona-

128 1681 259 1745 sterium
288 1680 349 1744 hoc
380 1700 479 1762 usque
505 1677 600 1743 hodie
623 1679 683 1743 Dei
718 1680 824 1763 gratia
855 1680 982 1765 proficit
1013 1682 1228 1766 spiritualiter
1249 1686 1277 1747 et

128 1786 356 1870 temporaliter,
380 1789 412 1850 et
434 1788 482 1849 est
497 1785 702 1849 commutatio
727 1785 810 1850 bona
824 1785 912 1850 facta
935 1786 973 1850 ad
996 1786 1106 1870 priora
1122 1792 1272 1873 tempora.

28 1880 114 1960 silli.
215 1890 348 1975 Opinari
365 1913 439 1955 sane
456 1895 560 1974 potest
575 1891 652 1956 olim
667 1892 700 1954 in
716 1892 774 1956 illo
797 1893 866 1958 loco
880 1893 979 1958 fuisse
1001 1915 1128 1958 sacrum
1145 1894 1272 1960 Orehai-

127 1996 202 2060 dum
216 1994 451 2080 Nympharum,
467 1997 596 2060 dearum
612 1997 779 2076 montium,
795 1998 845 2062 vel
862 1998 1026 2082 Dryadum
1041 1999 1271 2084 Nympharum,

126 2101 278 2166 silvarum
295 2101 471 2180 numinum,
497 2102 572 2185 quia
587 2101 674 2166 locus
691 2101 775 2166 altus
798 2106 830 2166 et
846 2102 980 2167 silvosus
1003 2104 1070 2168 sive
1094 2127 1272 2169 nemorosus

127 2210 192 2286 est,
227 2228 321 2291 quem
343 2205 548 2290 antiquorum
577 2206 702 2271 insania
734 2206 785 2271 his
808 2206 992 2272 numinibus
1015 2209 1202 2274 dedicatum
1223 2232 1270 2274 ne·

127 2334 286 2396 quaquam
310 2311 448 2390 dimisit,
472 2313 636 2395 supposito
668 2312 752 2396 quod
774 2311 808 2376 in
830 2311 886 2377 illo
908 2312 978 2379 loco
1001 2313 1124 2399 illaque
1150 2315 1271 2401 regione

127 2419 204 2481 tunc
226 2416 348 2481 fuerint
371 2417 483 2481 incolae
506 2417 660 2482 homines.

45 2607 104 2645 colu.

21 2654 128 2697 upxrn.
649 2629 715 2700 Cap.
735 2632 760 2685 9.

29 2701 63 2734 rr.
74 2701 114 2734 aaa.

21 2743 184 2817 U¹¹¹²'¹⁰⁴·De
207 2752 482 2818 monasteriis
506 2753 552 2816 ad
574 2754 742 2839 plagam
759 2756 1061 2820 occidentalem
1084 2754 1270 2820 civitatis

270 2859 482 2924 ulmensis
505 2859 702 2952 situatis.
749 2861 805 2925 De
828 2859 1134 2946 Urspringen².

213 2980 414 3066 Urspringen
441 2981 600 3065 quondam
617 2981 877 3068 Hamadryadum
900 2983 1040 3048 fontium
1054 2982 1271 3069 Nympharum

34 3131 41 3144 ·
127 3109 269 3165 sacrum,
303 3086 412 3170 postea
435 3087 589 3169 religione
613 3087 787 3154 christiana
810 3096 968 3155 crescente
995 3094 1106 3154 sancto
1130 3088 1271 3154 Udalrico

128 3198 160 3257 et
181 3192 330 3276 praecelso
353 3193 455 3256 monti
479 3189 597 3256 Oliveti
620 3194 808 3258 dedicatum.
854 3193 954 3258 Porro
989 3198 1062 3278 post
1089 3195 1157 3259 divi
1181 3195 1273 3260 Bene·

128 3299 204 3362 dicti
227 3297 346 3362 ordinis
369 3296 605 3361 institutionem
640 3299 770 3362 durnin
802 3300 995 3364 monasterio
1024 3303 1130 3364 sancti
1154 3297 1273 3384 Georgii

127 3403 161 3466 in
192 3401 365 3466 Baccenis³
397 3401 477 3465 silva
509 3403 680 3487 singularis
716 3405 837 3488 vigeret
872 3405 1001 3488 religio,
1037 3405 1161 3470 nobiles
1190 3405 1274 3489 longe

129 3508 254 3592 lateque
285 3530 341 3591 per
363 3507 563 3571 Alemaniam
585 3509 755 3572 fundantes
778 3509 964 3573 monialium
996 3509 1193 3574 monasteria
1215 3511 1280 3594 ipsa

128 3617 165 3675 ut
188 3613 284 3676 etiam
301 3617 404 3676 essent
427 3613 485 3676 sub
507 3614 623 3678 abbate
645 3614 746 3677 sancti
766 3613 894 3698 Georgii
917 3614 1142 3697 procurabant.
1191 3613 1275 3680 Unde

128 3740 228 3800 usque
260 3716 353 3782 hodie
392 3718 474 3781 idern
507 3717 605 3782 abbas
637 3719 801 3801 providere
833 3717 931 3782 habet
960 3719 1070 3782 multis
1094 3720 1274 3783 monialium

129 3822 329 3886 monasteriis
352 3845 416 3886 non
438 3824 540 3887 solum
563 3824 597 3887 in
621 3823 744 3902 Suevia,
769 3826 820 3888 sed
843 3825 877 3887 in
893 3823 1102 3908 Westrangia
1119 3825 1141 3903 ⁴,
1168 3824 1273 3900 Gallia,

129 3926 254 3991 Alsatia
277 3930 309 3991 et
324 3926 493 4012 Brisgauia
505 3927 527 3991 ⁶.
575 3926 680 4012 Igitur
695 3950 780 4049 punc
804 3929 924 3994 domini
943 3929 1051 3992 1127⁶
1075 3952 1161 3993 anno
1179 3931 1274 4014 primo

199 4089 363 4145 lSuittarin
378 4091 464 4147 Wibl.
501 4092 626 4146 Siitterin
641 4092 731 4148 Schm.
784 4091 927 4146 2situatis
942 4092 1077 4161 sequitur.
1107 4093 1276 4164 Urspringen

127 4178 187 4233 Sch.
207 4177 251 4233 Kl.
289 4221 294 4233 .
315 4223 320 4234 .
341 4178 481 4249 Urspring
498 4179 585 4233 Wibl.
605 4179 696 4234 Schm.
752 4180 767 4234 3
782 4179 876 4235 Georii
888 4180 948 4234 hier
961 4180 1017 4233 und
1032 4181 1157 4235 uachher
1170 4182 1244 4238 Mon.
1256 4181 1275 4233 1.

128 4265 272 4320 Baccensis
291 4265 364 4319 silva.
382 4267 466 4320 Wibl.
492 4266 571 4320 nicht·
590 4266 688 4331 Schm,
708 4267 734 4321 S.
753 4285 773 4322 s.
794 4267 853 4322 162.
933 4271 950 4320 4
968 4267 1143 4338 Neutrangia
1162 4267 1224 4324 Sch.
1237 4267 1273 4322 Ill.

129 4352 332 4422 5Prisgauuia
350 4353 440 4407 Schm.
476 4353 643 4422 Prisgaudia
668 4352 729 4409 Sch.
752 4354 795 4410 Kl.
834 4353 1080 4424 BrisgariaWibl.
1113 4353 1276 4426 Brisgaudia

129 4438 203 4494 Mon.
224 4444 247 4494 1.
284 4440 364 4495 Gold.
383 4444 423 4496 ut.
495 4442 598 4496 61127
618 4442 711 4496 haben
731 4441 1242 4511 alle,aberunrichtig,statt1125.
