2806 4964
666 359 730 423 130

121 537 327 614 zunftalium,
359 536 434 619 quia
456 535 607 618 quaelibet
629 533 739 596 zunfta
760 533 926 615 proprium
953 531 1051 596 habet
1075 533 1278 617 magistrum.

123 641 230 705 Habet
260 645 366 704 autem
398 641 476 704 ordo
508 641 675 703 tertiorum
707 639 809 702 solum
844 639 1034 720 magistrum
1065 639 1189 702 civium
1221 640 1277 701 sibi

122 747 296 829 proprium,
321 747 399 809 alias
416 746 589 830 dignitates
607 767 716 808 omnes
739 748 771 806 et
788 745 913 806 lucrosa
935 765 972 806 ac
993 744 1159 807 laboriosa
1174 744 1276 807 officia

122 850 278 928 dividunt,
303 852 386 933 quod
411 851 510 934 aliqui
527 850 572 912 de
597 850 699 913 tertiis
732 855 764 912 et
787 849 885 931 aliqui
909 849 948 911 de
970 848 1089 912 zunftis
1121 850 1220 912 simul
1243 872 1274 912 ea

123 956 251 1019 habent.
300 954 351 1019 Sic
375 977 451 1040 ergo
475 957 508 1018 in
532 956 641 1020 ordine
664 955 828 1018 civilitatis
844 952 1005 1017 Ulmensis
1029 960 1105 1017 sunt
1129 955 1272 1039 magistri

122 1060 239 1123 civium
254 1063 329 1136 treS,
347 1082 481 1143 quorum
498 1083 579 1122 unus
595 1060 681 1123 solus
698 1082 761 1123 uno
778 1081 862 1122 anno
876 1059 1085 1143 principatur.
1110 1063 1144 1123 et
1160 1059 1271 1121 indices

126 1165 174 1242 12,
199 1165 342 1228 consules
367 1162 554 1249 [senatores]
580 1165 631 1242 72,
655 1166 817 1248 magistri·
832 1165 1012 1228 sunitarum
1039 1166 1078 1228 17
1103 1165 1270 1228 secundum

123 1291 290 1332 numerum
313 1270 503 1334 zunftarum.

210 1372 258 1438 De
274 1374 325 1436 his
341 1374 504 1457 eliguntur
528 1375 587 1438 viri
604 1398 717 1438 novem
734 1376 787 1458 qui
808 1376 958 1438 dicuntur
975 1374 1100 1437 nonarii
1113 1371 1135 1450 ¹,
1154 1374 1270 1437 etiamsi

123 1478 188 1539 sint
204 1478 310 1560 plures
326 1500 421 1560 quarn
438 1501 561 1557 noveru,
584 1480 617 1541 in
635 1501 714 1562 quos
730 1481 919 1562 quandoque
940 1484 1026 1542 totus
1042 1476 1270 1561 compromittit

122 1583 322 1659 consulatus,
346 1587 377 1645 et
401 1584 510 1647 multae
533 1605 636 1647 causae
659 1585 703 1647 eis
727 1608 745 1647 e
771 1586 937 1648 consulatu
968 1584 1216 1647 committuntur
1236 1605 1270 1644 ne

123 1687 225 1749 omnis
241 1691 370 1750 senatus
386 1693 564 1770 occupetur.
612 1689 656 1751 Et
675 1689 729 1752 isti
754 1689 880 1753 nonarii
896 1693 972 1753 sunt
994 1689 1113 1771 partim
1139 1689 1178 1751 de
1193 1688 1268 1771 opti-

126 1791 265 1853 matibus
287 1795 319 1854 et
341 1791 460 1873 partim
483 1792 521 1855 de
543 1791 748 1855 zuuftalibus.

209 1892 343 1977 Insuper
365 1918 403 1958 ex
427 1900 497 1960 toto
519 1896 685 1962 consulatu
703 1898 868 1981 eliguntur
890 1899 1030 1982 quinque
1052 1898 1112 1962 viri
1138 1896 1265 1980 probati,

125 2021 204 2083 quos
227 2001 392 2064 nominare
414 2023 580 2084 possumus
604 2004 769 2086 quintinos
792 2005 841 2067 vel
865 2002 1117 2087 quinquerios²,
1152 2004 1212 2066 duo
1233 2023 1264 2064 er

124 2104 333 2188 optimatibus
356 2111 389 2169 et
411 2109 475 2169 tres
499 2130 535 2170 ex
560 2107 763 2185 zunftalibus,
787 2130 921 2192 quorum
946 2109 1121 2171 auctoritas
1146 2107 1263 2191 grandis

124 2215 182 2288 est,
206 2216 238 2274 et
254 2211 412 2294 praecipue
427 2212 460 2274 in
485 2214 657 2295 repentinis
674 2213 798 2275 casibus
821 2217 854 2276 et
870 2214 1057 2298 urgentibus
1081 2235 1119 2276 ac
1134 2211 1261 2286 occultis,

127 2316 254 2399 quando
278 2317 454 2379 communis
484 2318 665 2380 consulatus
695 2318 857 2381 commode
879 2317 1045 2380 convocari
1070 2339 1134 2380 non
1160 2320 1258 2398 potest,

122 2421 172 2484 vel
198 2421 324 2503 quando
340 2445 405 2484 reni
429 2443 492 2483 non
509 2421 635 2502 expedit
659 2421 697 2484 ad
714 2423 887 2485 multorum
911 2443 1001 2484 aures
1022 2421 1182 2485 deducere.
1225 2419 1258 2482 llt

122 2526 332 2589 communiter
366 2548 446 2587 unus
476 2525 514 2587 de
544 2525 614 2587 istis
645 2526 784 2608 quinque
813 2530 860 2587 est
890 2525 944 2588 ille
977 2526 1032 2608 qui
1057 2548 1142 2588 anno
1164 2525 1256 2588 futuro

122 2631 184 2693 erit
205 2631 359 2714 magister
374 2629 500 2694 civium.
547 2628 635 2712 Saepe
651 2651 727 2712 ergo
750 2631 909 2712 contingit
932 2631 1016 2713 quod
1043 2631 1155 2694 mediis
1171 2628 1255 2693 nocti·

125 2737 182 2797 bus
205 2735 401 2811 excitantur,
432 2739 464 2797 et
487 2756 593 2796 casum
626 2738 857 2817 emergentem,
890 2735 916 2796 si
946 2756 1009 2797 non
1032 2736 1119 2818 capit
1141 2755 1254 2807 moran,

78 2860 88 2873 ·“
124 2841 270 2903 omnibus
281 2863 313 2903 re
324 2837 507 2923 requisitis³
524 2842 673 2916 tractant,
691 2843 799 2920 portas
811 2838 951 2903 civitatis
968 2841 1126 2923 aperiunt,
1143 2841 1254 2905 nuncios

123 2945 346 3008 intromittunt
370 2945 418 3008 vel
442 2945 604 3022 emittunt,
628 2949 767 3007 armatos
783 2945 972 3028 quandoque
995 2946 1118 3010 occulte
1140 2965 1253 3029 congre·

123 3055 202 3134 gant
225 3054 257 3112 et
279 3050 440 3127 emittunt,
465 3048 513 3112 vel
539 3048 670 3112 emissos
694 3053 851 3112 revocant.
930 3063 934 3071 ’
1295 3031 1299 3039 ’

211 3154 292 3217 Sunt
306 3154 410 3222 ‚atiani
432 3154 531 3235 aliqui
557 3151 799 3216 exconsulibus
826 3152 980 3227 rinitores,
1007 3155 1045 3216 ad
1070 3155 1150 3238 quos
1172 3169 1253 3217 causae

124 3283 213 3345 vagae
229 3264 260 3322 et
276 3258 482 3322 contentiosa·
503 3257 688 3321 deferuntur
712 3261 743 3321 et
759 3258 785 3320 si
799 3258 944 3339 expedire
966 3263 998 3321 et
1013 3260 1105 3322 unire
1129 3258 1253 3342 possunt,

125 3366 257 3443 faciunt,
281 3364 308 3427 si
332 3386 406 3442 non,
431 3364 470 3425 ad
494 3364 693 3426 consulatum
718 3363 869 3426 referunt.

210 3469 361 3546 Quamvis
401 3473 506 3532 autem
547 3469 693 3551 magistri
725 3467 859 3547 civium,
901 3468 1046 3552 magistri
1081 3471 1256 3539 zunftarrun,

123 3575 259 3653 iudices,
291 3576 454 3652 consuleS,
485 3573 628 3654 nonarii,
652 3574 834 3656 quinquerii
864 3574 1049 3638 concludere
1081 3581 1114 3640 et
1144 3577 1257 3640 definire

123 3685 256 3764 possunt
279 3703 333 3758 ea,
366 3702 435 3763 quae
458 3679 663 3762 municipalia
694 3683 903 3756 concernunt,
936 3684 968 3742 et
991 3684 1112 3744 statum
1135 3679 1258 3746 civitatis

123 3786 301 3868 civiumque
324 3784 512 3867 respiciunt,
543 3806 605 3847 nou
630 3788 737 3846 tamen
760 3783 833 3846 illas
857 3806 966 3847 causas
989 3785 1179 3865 decernunt,
1202 3804 1260 3871 quae

123 3890 296 3973 respiciunt
319 3891 497 3973 imperium,
521 3893 576 3952 aut
599 3893 764 3952 extraneas
784 3911 944 3971 personas,
970 3895 1026 3954 aut
1049 3893 1146 3956 etiam
1171 3893 1260 3977 ipsam

687 4000 704 4038 s

196 4083 207 4134 1
230 4081 279 4134 Die
298 4080 402 4135 neiner.
431 4099 531 4134 munus
550 4082 601 4136 hoc
620 4099 675 4136 non
695 4081 816 4150 amplius
835 4082 864 4135 in
884 4099 935 4135 vsu
954 4082 1023 4137 Golr.
1050 4084 1109 4137 und
1136 4085 1207 4140 Bess.
1226 4100 1262 4139 an

123 4170 221 4225 rande.
309 4169 597 4224 2V.Gehaimean1
618 4168 792 4223 randeGolr.
828 4168 1004 4225 VGalreime
1028 4189 1074 4224 am
1094 4173 1182 4228 rande
1204 4174 1264 4227 Bess.

124 4260 166 4312 vel
183 4258 358 4327 quinquennii
373 4258 443 4312 Mon.
459 4259 482 4311 2.
519 4257 564 4310 vel
577 4257 729 4325 quintarios
742 4256 810 4311 Golr.
825 4257 899 4312 Bess.
936 4257 980 4311 vel
993 4258 1175 4326 quinquerios
1187 4261 1267 4316 Woll.

123 4345 563 4414 Diesezweitebenennnngfehlt
575 4345 619 4399 bei
634 4343 733 4400 Schad.
746 4344 866 4400 Schmid.
877 4346 962 4399 Wibl.
975 4345 1018 4399 Kl.
1038 4347 1054 4399 3
1067 4348 1199 4402 omnibus
1208 4355 1266 4403 irre·

122 4431 232 4499 quisitis
242 4432 303 4487 Sch.
314 4434 357 4489 Kl.
369 4433 454 4487 Wibl.
465 4433 533 4488 Golr.
546 4433 617 4487 Bess.
628 4433 713 4487 Woll.
724 4433 813 4487 Schm.
840 4437 856 4488 4
871 4435 1014 4503 Ainnnger
1027 4434 1099 4491 Bess.
1117 4453 1163 4490 am
1178 4441 1275 4493 raude·
