2798 4950
670 296 713 360 78

121 495 159 536 ea
173 473 303 550 situata
325 471 483 556 percurrit
498 472 582 535 enim
599 470 742 535 Vildriae
758 471 921 554 regionem
934 471 1052 536 fluvius
1073 496 1114 537 ex
1136 471 1267 538 Schom·

122 577 205 640 buch
220 577 311 661 sylna
326 576 429 640 dictus
441 576 538 652 Keria,
554 577 609 660 qui
624 578 738 641 dividit
753 575 863 641 villam
879 575 1105 641 Schamhusen
1122 601 1142 642 a
1157 584 1267 655 castro,

119 681 246 766 fuitque
279 683 325 744 ita
354 703 528 764 perquam
551 682 706 745 transitus
729 686 798 746 erat
828 682 867 746 de
889 685 994 746 castro
1016 683 1051 745 in
1073 682 1208 762 villam,
1240 687 1268 746 et

121 787 236 850 idcireo
271 787 390 851 rustica
424 807 502 869 gens
536 786 577 850 ab
600 785 658 849 illa
680 786 727 850 ita
760 787 858 851 etiam
886 787 991 870 ipsum
1024 792 1169 852 castrum
1203 792 1268 872 steg

118 891 305 955 nominabat
337 896 370 955 et
393 912 449 974 per
481 912 673 975 consequens
706 889 828 955 nobiles
860 892 955 956 oestri
987 913 1186 975 possessores
1208 892 1265 957 dici

119 1000 284 1080 coeperunt
314 997 365 1058 die
387 1018 460 1058 vom
490 993 576 1077 Steg.
625 994 766 1080 Regione
797 1001 904 1060 autem
934 998 1058 1082 guerris
1090 1001 1221 1062 vastata
1241 1002 1269 1061 et

118 1099 278 1165 nobilibus
301 1100 460 1164 esedibns
474 1102 540 1164 suis
563 1100 671 1164 eiectis
687 1101 784 1164 etiam
807 1099 929 1165 nobiles
952 1124 1025 1165 vom
1053 1100 1135 1187 Steg
1160 1101 1267 1186 fugam

118 1212 270 1290 ceperunt
285 1212 380 1290 capta
397 1211 428 1270 et
443 1204 609 1270 combusta
624 1227 695 1270 aree
710 1229 819 1270 eorum
835 1205 923 1292 Steg,
945 1207 1035 1270 cuius
1051 1206 1147 1270 hodie
1163 1207 1268 1270 ruinae

118 1317 240 1389 extant,
264 1310 455 1395 Ulmamque
481 1311 617 1396 ingressi
639 1312 741 1376 multo
763 1317 836 1395 post
858 1316 1000 1395 tempore
1021 1311 1269 1376 nominabantur

117 1417 168 1480 die
190 1439 260 1480 vom
285 1415 373 1500 Steg
396 1418 446 1479 cui
468 1417 589 1481 nomini
612 1417 709 1481 etiam
731 1440 819 1481 arma
840 1438 949 1481 eorum
970 1416 1120 1480 videntur
1141 1439 1268 1481 coneor-

118 1522 203 1597 dare,
227 1544 297 1605 quaa
315 1521 491 1604 praeferunt
505 1522 584 1586 itam
600 1544 729 1587 auream
744 1545 801 1606 per
817 1529 1034 1586 transversum
1049 1523 1156 1606 campi
1172 1522 1266 1586 rubri.

119 1624 190 1690 Hoc
212 1632 319 1689 autem
352 1648 465 1689 nomen
490 1627 597 1690 Krafft
619 1631 729 1710 postea
759 1627 975 1711 acquisierunt
1002 1627 1036 1690 in
1069 1627 1178 1692 duello
1200 1625 1267 1690 feli·

119 1730 244 1794 cissime
266 1731 398 1794 obtento
413 1738 524 1796 contra
547 1733 702 1817 quendam
723 1731 872 1796 nobilem.
919 1732 1041 1797 Ferunt
1062 1732 1149 1796 enim
1172 1730 1267 1795 fuisse

119 1835 275 1914 nobilem,
308 1836 363 1919 qui
386 1860 405 1900 a
426 1838 492 1902 suis
525 1837 782 1922 progenitoribus
804 1860 894 1902 arma
920 1860 978 1922 per
998 1837 1108 1902 omnia
1131 1836 1266 1901 eiusdem

119 1941 296 2004 stemmatis
312 1941 393 2005 sicut
409 1942 458 2005 illi
474 1943 512 2006 de
535 1940 594 2020 lta,
619 1965 691 2006 vom
708 1942 794 2027 Steg,
819 1943 946 2021 habuit,
969 1946 1003 2007 et
1020 1942 1098 2026 quia
1114 1963 1266 2026 praesum·

120 2047 231 2108 tuosns
254 2052 338 2125 erat,
369 2047 550 2112 aestimabat
584 2047 742 2113 neminem
765 2048 878 2113 debere
908 2049 942 2112 in
966 2048 1063 2112 armis
1096 2048 1164 2112 suis
1197 2047 1265 2110 illos

121 2150 242 2214 colores
264 2152 377 2215 ducere
400 2153 461 2215 nisi
484 2153 551 2235 ipse
573 2157 605 2216 et
627 2153 686 2216 sui.
733 2151 826 2217 Unde
856 2153 1040 2217 inimicitias
1070 2152 1174 2216 reales
1196 2172 1263 2215 curu

119 2257 183 2320 illis
206 2257 367 2322 nobilibus
390 2259 428 2323 de
450 2258 501 2323 Ita
523 2258 639 2323 habuit
663 2264 696 2323 et
718 2280 808 2322 arma
829 2280 938 2323 eorum
967 2258 1099 2322 inventa
1122 2255 1264 2339 deposuit

118 2363 170 2426 vel
201 2364 427 2428 contumeliose
463 2365 654 2448 deturpavit.
699 2363 899 2447 Quapropter
931 2361 1051 2427 domini
1082 2383 1157 2426 vom
1191 2359 1263 2442 Steg

120 2467 235 2531 intensi
266 2468 400 2532 eundem
422 2468 561 2532 nobilem
593 2473 761 2532 traxerunt
792 2469 831 2532 ad
855 2467 999 2532 tribunal
1022 2465 1159 2531 casaris.
1207 2462 1266 2530 Ubi

120 2561 325 2656 dnm'parus
347 2575 503 2638 cervicose
528 2574 755 2638 contenderent
785 2596 842 2637 nec
864 2574 976 2658 quovis
998 2571 1139 2637 remedio
1160 2568 1266 2654 pacifi-

121 2677 186 2739 cari
211 2681 349 2759 possent,
372 2679 528 2742 indictum
551 2682 600 2742 est
623 2678 813 2742 auctoritate
834 2678 993 2762 imperiali
1015 2677 1137 2742 bellum
1160 2675 1266 2761 singu-

120 2780 187 2844 lare
219 2783 285 2846 sive
308 2783 447 2848 duellum
480 2785 563 2849 inter
591 2784 783 2848 Strenuiores
815 2784 893 2848 dnos
915 2784 1065 2867 partium.
1111 2781 1266 2858 Quidum

121 2888 237 2950 armati
252 2889 529 2973 congrederentur,
545 2889 662 2953 nobilis
679 2911 750 2954 vom
763 2888 841 2974 Steg
857 2891 935 2953 adeo
950 2892 1078 2953 strenue
1093 2909 1128 2950 se
1146 2885 1265 2960 habuit,

121 2993 157 3053 ut
180 2993 301 3056 cunctis
334 2994 513 3076 spectaculo
546 2995 767 3058 assistentibus
799 2995 860 3058 viri
883 2994 1014 3059 audacia
1048 2996 1080 3056 et
1111 2991 1265 3056 fortitudo

121 3099 202 3158 esset
226 3096 409 3175 admiratio,
442 3121 551 3183 pugna
574 3104 702 3183 stupor,
735 3103 767 3162 et
788 3099 922 3162 victoria
944 3097 1131 3181 tripudium.
1178 3094 1267 3161 Unde

123 3199 198 3263 dum
220 3202 254 3264 in
277 3205 448 3268 certamine
465 3206 670 3288 agonizarent
692 3209 724 3268 et
746 3204 801 3268 ille
824 3226 896 3267 vom
920 3202 997 3285 Steg
1019 3201 1103 3265 vires
1126 3200 1266 3285 proprias

123 3309 254 3370 acueret
276 3330 371 3391 seque
386 3311 568 3387 concitaret,
591 3308 700 3373 ferunt
721 3309 827 3390 ipsum
843 3308 882 3371 ad
904 3306 1078 3391 quemlibet
1098 3305 1200 3370 ictum
1217 3304 1266 3367 ad·

122 3412 262 3474 versario
286 3413 414 3477 illatum
437 3415 588 3478 atrociter
610 3413 761 3477 clamasse
784 3412 976 3496 vulgariter:
1007 3410 1061 3474 hie
1082 3410 1202 3487 krafft,
1232 3408 1267 3471 da

121 3513 228 3595 krafft,
254 3518 305 3582 hic
327 3521 434 3598 robur,
457 3521 503 3585 ibi
526 3521 634 3598 robur,
660 3541 723 3602 quo
746 3518 884 3583 clamore
907 3539 941 3581 se
963 3515 1136 3591 animavit,
1161 3515 1267 3578 adver·

26 3643 29 3647 ·
122 3619 241 3684 sarium
261 3626 434 3705 perterruit
453 3629 485 3688 et
508 3625 690 3708 prostravit.
737 3623 851 3708 Sicque
874 3623 968 3687 cessit
998 3621 1066 3685 viro
1090 3620 1225 3684 victoria
1239 3622 1267 3682 et

122 3725 254 3808 antiqua
276 3728 416 3812 insignia
438 3753 496 3793 sua
518 3731 636 3813 eripuit
659 3733 691 3792 et
714 3751 830 3792 novum
855 3749 969 3790 nomen
993 3726 1053 3790 hoc
1068 3724 1178 3789 Krafft
1200 3745 1266 3808 pre·

122 3827 202 3892 tium
225 3831 275 3893 sui
297 3833 420 3896 roboris
437 3857 494 3916 pro
518 3858 551 3899 se
573 3838 606 3898 et
628 3836 694 3899 suis
716 3833 947 3898 successoribus
966 3830 1103 3916 gloriose
1128 3833 1266 3913 reporta·

121 3932 179 3997 vit.
204 3938 236 3999 et
259 3935 403 4020 deinceps
428 3939 533 4003 Krafft
556 3962 628 4004 cum
650 3939 738 4004 omni
760 3938 913 4022 progenie
941 3958 998 4017 sua
1021 3933 1201 4018 appellatus
1223 3937 1266 3997 est

122 4061 221 4124 usque
244 4041 278 4104 iu
300 4041 488 4107 hodiernum
505 4045 597 4108 diem.
643 4045 694 4108 Ex
716 4043 776 4107 hoc
800 4043 905 4107 duello
921 4040 1106 4104 Krafftones
1130 4043 1265 4104 vetustos

122 4147 154 4206 et
177 4168 266 4209 veros
290 4167 357 4209 esse
381 4148 503 4212 nobiles
525 4148 697 4231 probatur,
721 4148 797 4230 quia
818 4146 971 4232 ignobilis
993 4144 1134 4208 nobilem
1157 4163 1264 4226 provo·

122 4271 193 4314 care
216 4273 278 4314 non
303 4255 409 4335 potest
431 4254 470 4317 ad
494 4253 650 4332 duellum,
673 4274 730 4316 nec
753 4252 1001 4335 imperatoreos
1025 4248 1177 4326 admittit,
1209 4245 1263 4309 nisi

123 4352 238 4417 nobilis
262 4355 401 4438 resignet
425 4357 587 4421 nobilitati
617 4359 667 4422 vel
690 4357 752 4421 nisi
774 4358 951 4420 consentiat
973 4358 1010 4430 ut
1032 4356 1106 4417 ante
1130 4353 1260 4418 duellum
