2806 4964
572 1232 949 1316 luhaltsubersicm.
997 1247 999 1252 ’
1199 1315 1203 1321 .

480 1441 570 1508 MSS.
933 1442 1065 1508 Goldast
1087 1442 1151 1505 und
1174 1440 1261 1504 Mon.
1288 1438 1316 1501 1.

311 1548 385 1630 (mit
410 1571 499 1613 ausn.
523 1572 553 1612 v.
577 1547 664 1612 Mon.
692 1547 734 1631 1.)
919 1547 1070 1612 Historiae
1103 1545 1226 1611 Sueviae
1256 1543 1337 1606 liber

186 1650 356 1716 Tractatus
380 1653 568 1718 decivitate
591 1653 736 1718 ulmensi.
1042 1652 1207 1717 secundus

225 1844 428 1911 Prooemium.
772 1836 776 1842 ’
1029 1846 1120 1912 fehlt.

183 1949 362 2034 Principale
389 1950 417 2016 -Ι,
462 1951 511 2016 De
541 1951 693 2016 ulmensis
723 1951 862 2015 civitatis
1028 2004 1110 2069 fehlt

225 2056 349 2140 origine
371 2060 404 2121 et
427 2055 629 2140 antiquitate.
1112 2053 1119 2068 '

182 2158 363 2244 Principale
392 2159 435 2226 II.
479 2160 528 2224 De
558 2182 707 2225 mensura
737 2160 862 2244 antiqui

226 2264 334 2349 oppidi
358 2270 389 2330 et
412 2267 478 2331 eius
501 2267 669 2350 parvitate.

271 2368 300 2434 1.
346 2369 393 2434 De
417 2372 549 2455 antiquo
573 2371 698 2455 oppido.
1026 2370 1116 2436 fehlt.

268 2476 299 2539 2.
345 2474 509 2551 Quomodo
539 2473 650 2553 ,Ulma
688 2476 763 2539 data
799 2474 862 2539 fuit
984 2529 1007 2594 c
1072 2532 1086 2592 t
1118 2527 1150 2592 Π

345 2577 443 2646 Ouiae
467 2580 605 2667 Magnae.
1009 2553 1071 2614 ὅρη
1152 2579 1160 2594 ’

187 2681 365 2768 Principale
386 2683 445 2750 ΙΠ.
490 2686 539 2751 De
555 2686 622 2751 eius
638 2686 860 2765 destructione,

225 2789 477 2869 reaedificatione‚
500 2791 705 2874 ampliatione
723 2794 754 2854 et
768 2811 861 2875 mag·

226 2893 380 2958 nitudine.

209 3054 211 3058 .
269 2999 298 3066 1.
346 2998 512 3075 Quomodo
548 2999 660 3064 civitas
700 3000 861 3065 destructa

349 3107 381 3168 et
404 3103 597 3168 reaedificata
618 3103 691 3169 fuit.
828 3135 829 3138 ¹

269 3209 299 3272 2.
347 3206 465 3272 Forma
487 3208 536 3272 vel
560 3208 655 3273 facies
679 3209 828 3274 civitatis.
997 3212 1100 3298 Caput
1122 3211 1147 3277 I.

72 3362 74 3366 .
180 3311 361 3397 Principale
375 3311 433 3378 IV.
472 3313 520 3377 De
540 3313 652 3398 populi
664 3316 730 3379 eius
743 3315 776 3379 in
788 3339 859 3401 sep·
1184 3320 1188 3326 ’

129 3503 131 3506 y
224 3421 289 3482 tem
313 3418 438 3483 ordines
463 3421 494 3483 et
511 3418 678 3484 societates
694 3420 857 3487 divisione.

271 3523 299 3588 1.
346 3521 395 3588 De
418 3523 644 3589 sacerdotibus.

270 3628 299 3692 2.
345 3627 394 3692 De
417 3628 587 3693 nobilibus

268 3731 297 3794 3.
346 3729 394 3796 De
416 3732 588 3816 principali
611 3735 730 3800 ordine.

180 3840 243 3907 (Die
269 3840 451 3912 regierenden
475 3843 678 3913 geschlechter‚
706 3846 860 3917 patricier.)
1024 3824 1118 3889 fehlt·

266 3941 295 4004 4.
342 3938 427 4006 Ordo
450 3942 567 4006 civium
590 3947 733 4027 quartus

292 4051 352 4122 (Die
371 4069 426 4107 von
445 4053 494 4108 der
513 4056 601 4124 guten
620 4054 750 4126 gemein.)

268 4151 298 4216 5.
344 4148 579 4235 Negotiatores.

269 4257 298 4321 6.
343 4253 564 4320 laboratores.

271 4360 299 4428 7.
345 4358 508 4425 Forenses.

1028 2213 1120 2279 fehlt.

980 3055 1084 3139 Caput
1106 3054 1164 3119 Ill.
