2806 4964
691 330 731 394 51

130 505 277 570 scindens
302 510 421 570 terram
444 506 574 571 suffodit
597 509 629 583 et
650 504 772 588 recipit.
818 503 891 568 Non
908 507 1015 568 autem
1031 505 1173 570 simulet
1189 508 1284 572 semel

129 612 239 675 omnia
262 613 326 675 tria
348 612 481 676 flumina
498 613 647 688 fremunt,
671 610 698 673 si
714 611 798 674 enim
814 611 919 673 omnia
935 611 997 673 tria
1013 611 1108 675 simul
1124 614 1282 691 saevirent,

128 738 194 779 non
230 718 323 781 credo
355 739 446 801 posse
476 716 637 781 civitatem
668 714 843 779 ulmensenr
873 733 1009 780 manere.
1056 716 1190 800 Propter
1221 716 1284 782 ista

130 820 267 884 flumina
289 823 396 886 nullus
420 822 595 885 Alemaniae
618 821 763 903 princeps
786 824 893 903 posset
916 837 984 884 eam
1008 822 1171 886 civitatem
1190 823 1281 886 suffi-

128 925 228 997 cienti
245 926 419 991 vallatione
436 926 578 990 obsidere
591 947 647 989 suo
660 924 810 1002 exercitu,
827 925 901 1008 quia
917 948 987 988 eam
999 926 1146 991 obsidens
1157 950 1283 992 necesse

127 1035 212 1094 esset
232 1036 271 1094 ut
293 1030 396 1095 tribus
420 1029 599 1115 legionibus
623 1051 693 1092 eam
716 1028 823 1107 vallet,
846 1052 903 1094 nec
927 1035 1032 1114 potest
1056 1054 1119 1095 una
1134 1032 1218 1116 legio
1242 1034 1282 1096 ad

127 1135 226 1199 aliam
250 1137 367 1214 venire,
391 1141 423 1201 et
445 1136 472 1200 si
497 1139 638 1219 tempore
661 1134 834 1198 obsidionis
856 1135 1023 1199 inundatio
1047 1136 1155 1222 fieret,
1179 1138 1281 1220 ipsam

127 1239 327 1305 obsidionem
351 1240 473 1304 solvere
496 1262 621 1304 necesse
643 1238 736 1303 foret.
782 1237 916 1322 Insuper
931 1244 1045 1322 praeter
1061 1263 1160 1324 aquas
1177 1242 1279 1307 delec-

126 1344 223 1408 tabili
247 1344 415 1409 latitudine
436 1367 493 1428 per
515 1366 630 1428 gyrum
653 1344 757 1407 cincta
779 1347 827 1407 est
850 1342 957 1422 Ulma,
981 1367 1000 1407 a
1023 1350 1161 1428 quatuor
1177 1346 1281 1433 plagis

127 1449 211 1512 latas
236 1450 335 1514 valles
358 1447 495 1528 habens,
512 1472 587 1513 nam
612 1449 652 1512 ab
675 1449 797 1512 oriente
820 1453 852 1512 et
875 1449 1035 1514 occidente
1051 1450 1165 1515 vallem
1182 1475 1281 1518 amoe-

126 1554 294 1617 nissimam
317 1555 456 1618 Danubii
480 1554 586 1632 habet,
611 1554 651 1616 ab
668 1553 816 1636 aquilone
832 1558 937 1617 antem
954 1554 1069 1619 vallem
1085 1556 1201 1635 Blauii,
1225 1558 1280 1641 qui

127 1680 184 1740 per
207 1659 423 1723 amoenissima
446 1682 522 1723 arva
536 1659 662 1737 decidit,
687 1663 719 1723 et
734 1660 774 1722 ab
791 1663 899 1723 austro
916 1660 1029 1724 vallem
1050 1661 1280 1727 fertilissimam

127 1762 255 1846 Hylari,
279 1763 362 1827 inter
385 1765 578 1829 occidentem
601 1767 718 1828 autem.
732 1768 764 1828 et
786 1764 968 1849 aquilonem
991 1767 1092 1829 sancti
1114 1767 1280 1832 Michaelis

127 1872 272 1932 montem
304 1869 503 1932 fructuosum
535 1875 566 1934 et
596 1870 781 1933 solatiosum
815 1869 930 1948 habet,
963 1874 1000 1934 ut
1031 1876 1116 1936 terra
1149 1872 1280 1937 Ulmen-

126 1973 169 2037 sis
203 1995 269 2037 non
304 1975 347 2037 sit
378 1974 478 2038 nimia
509 1974 678 2038 latitudine
709 1974 858 2052 taediosa,
888 1997 945 2039 nec
977 1976 1076 2039 nimia
1103 1980 1279 2042 montuosi-

126 2082 194 2143 tate
227 2081 374 2163 angusta.
420 2079 464 2142 Et
491 2083 616 2143 tantum
640 2079 678 2143 de
701 2079 849 2142 exteriori
878 2080 982 2143 forma
1013 2083 1045 2144 et
1074 2081 1280 2165 dispositione

127 2183 278 2248 civitatis.

223 2288 297 2352 ¹Ab
320 2291 406 2352 intra
429 2293 477 2352 est
500 2289 611 2353 civitas
634 2311 776 2368 amoena,
808 2290 897 2375 aquis
920 2291 1059 2376 irrigua,
1089 2315 1153 2356 non
1176 2295 1279 2358 solnm

127 2394 377 2472 accurrentibus,
401 2395 565 2458 sedetiam
591 2416 629 2458 ex
644 2396 737 2459 corde
752 2396 890 2460 civitatis
915 2397 1147 2474 emanantibus,
1171 2403 1207 2461 ut
1229 2404 1277 2462 est

125 2498 199 2563 fons
223 2499 427 2582 antiquarum
450 2520 624 2563 cannarum
647 2505 678 2564 et
701 2501 799 2584 putei,
824 2501 965 2585 quinon
988 2524 1086 2584 aquas
1108 2502 1145 2566 de
1168 2500 1277 2585 pluvia

126 2603 277 2669 collectas
300 2605 431 2683 habent,
456 2605 508 2669 sed
532 2605 570 2669 de
593 2605 681 2669 venis
704 2609 798 2670 terrae
821 2607 1016 2685 scaturiunt,
1040 2608 1122 2670 unde
1145 2612 1277 2690 puteum

125 2711 184 2793 qui
206 2714 255 2774 est
277 2711 311 2773 in
334 2710 457 2774 ambitu
479 2709 616 2774 fratrum
642 2709 895 2775 Praedicatorum.
918 2733 1009 2775 nemo
1039 2734 1180 2795 unquam
1203 2736 1276 2777 eva-

125 2838 222 2880 cuare
244 2819 360 2898 potest,
383 2816 459 2899 quia
482 2821 639 2900 quantum
662 2815 851 2894 extrahitur,
875 2821 1002 2880 tantum
1025 2823 1154 2901 repente
1169 2818 1277 2883 influit

124 2943 163 2985 ex
188 2919 298 2984 fundo.

215 3023 311 3088 Vicos
333 3015 431 3089 babet
454 3023 553 3088 Ulma
576 3024 659 3089 latos
681 3047 746 3089 non
769 3026 966 3105 tenebrosos,
997 3032 1029 3091 et
1051 3029 1160 3092 domos
1184 3028 1275 3108 altas,

124 3130 250 3216 ligneas
273 3135 310 3194 ut
332 3131 366 3194 in
388 3131 578 3214 plurimum,
612 3132 687 3215 quia
713 3132 833 3215 lapides
866 3155 930 3196 non
953 3137 1027 3197 sunt
1049 3133 1094 3196 ibi
1117 3133 1179 3196 nisi
1201 3136 1277 3217 igne

125 3236 217 3301 cocti.
259 3235 384 3300 Plateas
400 3235 497 3298 habet
508 3235 590 3299 latas
603 3240 667 3300 tres
679 3237 879 3320 principales,
895 3238 1015 3302 scilicet
1025 3242 1126 3302 totam
1138 3239 1276 3320 plateam

127 3343 201 3404 ante
212 3339 414 3419 Praetorium,
430 3344 463 3404 et
474 3339 612 3422 plateam
624 3341 808 3420 vinariam²,
824 3346 856 3406 et
870 3343 1009 3426 plateam
1025 3347 1098 3406 ante
1113 3342 1276 3406 ecclesiam
1311 3378 1312 3382 ,
1354 3396 1359 3410 .

126 3445 229 3509 beatae
253 3445 417 3529 Virginis;
449 3445 512 3508 alia
534 3449 583 3509 est
604 3446 711 3529 platea
733 3469 907 3531 granorum
929 3447 980 3511 vel
1001 3447 1183 3525 bladorum,
1213 3440 1365 3519 alias‘lf'i'i'·

125 3551 233 3633 platea
256 3572 409 3633 equorum
431 3551 465 3612 in
489 3572 584 3613 arene
606 3551 696 3615 iuxta
725 3556 851 3634 portam
875 3550 1050 3629 Aucarum,
1084 3552 1147 3615 alia
1170 3553 1276 3636 platea

126 3654 321 3719 viridorum³
346 3655 437 3718 iuxta
452 3654 687 3734 PraedicatoreS,
711 3660 769 3720 etc.
815 3655 882 3721 Nec
898 3679 1020 3740 semper
1036 3658 1082 3720 ita
1104 3658 1176 3735 fuit,
1200 3681 1275 3723 nam

123 3761 231 3844 platea
255 3763 329 3823 ante
352 3760 480 3823 domum
503 3757 674 3823 Consulum
698 3764 772 3824 ante
795 3783 911 3843 paucos
928 3784 1028 3826 annos
1044 3762 1153 3826 multis
1171 3763 1274 3854 domi-

123 3867 183 3930 bus
207 3870 240 3929 et
262 3869 474 3929 mercatorum
496 3865 620 3949 patagis
645 3870 798 3948 occupata
819 3866 899 3946 fuit,
932 3868 1017 3931 etin
1040 3868 1108 3933 loco
1130 3869 1187 3933 ubi
1208 3874 1274 3933 stat

123 3972 187 4036 iam
204 3970 277 4035 fons
294 3971 328 4033 in
343 3970 449 4053 platee
470 3968 608 4034 Piscium
626 3970 638 4005 ⁴
662 3972 752 4034 stetit
774 3972 850 4035 olim
874 3972 985 4037 domus
1000 3973 1058 4036 sub
1081 3995 1144 4056 qua
1158 3975 1274 4038 vende-

690 4131 707 4171 *

198 4229 353 4285 lInterior
371 4233 487 4285 ornatus
506 4247 552 4285 am
570 4232 658 4286 rande
676 4233 748 4288 Mon.
775 4232 797 4284 1.
841 4233 960 4287 Interior
978 4234 1101 4288 ornatus.
1136 4231 1178 4284 Ab
1196 4231 1274 4284 intra

122 4317 222 4373 Schad.
242 4318 286 4372 Kl.
359 4316 449 4371 2Der
466 4317 607 4372 Weinhof.
671 4318 859 4374 3viridornm
880 4321 953 4375 Mona
974 4324 986 4374 l
1007 4320 1064 4373 und
1078 4321 1134 4373 alle
1152 4319 1272 4381 andern3

121 4406 161 4460 ist
179 4406 228 4460 der
247 4405 400 4460 Griinehof.
472 4407 487 4458 4
507 4406 562 4460 Der
580 4405 764 4461 Fischnrarkt.
