<?xml version="1.0" encoding="UTF-8"?>
<!DOCTYPE html PUBLIC "-//W3C//DTD XHTML 1.0 Transitional//EN"
    "http://www.w3.org/TR/xhtml1/DTD/xhtml1-transitional.dtd">
<html xmlns="http://www.w3.org/1999/xhtml" xml:lang="en" lang="en">
 <head>
  <title>
</title>
<meta http-equiv="Content-Type" content="text/html;charset=utf-8" />
  <meta name='ocr-system' content='tesseract 3.04.00' />
  <meta name='ocr-capabilities' content='ocr_page ocr_carea ocr_par ocr_line ocrx_word'/>
</head>
<body>
  <div class='ocr_page' id='page_1' title='image "./fratrisfelicisf03fabrgoog_0103.png"; bbox 0 0 2806 4964; ppageno 0'>
   <div class='ocr_carea' id='block_1_1' title="bbox 676 341 718 412">
    <p class='ocr_par' dir='ltr' id='par_1_1' title="bbox 676 341 718 412">
     <span class='ocr_line' id='line_1_1' title="bbox 676 341 718 412; baseline 0 0"><span class='ocrx_word' id='word_1_1' title='bbox 676 341 718 412; x_wconf 79' lang='grc'>82</span> 
     </span>
    </p>
   </div>
   <div class='ocr_carea' id='block_1_2' title="bbox 581 589 810 676">
    <p class='ocr_par' dir='ltr' id='par_1_2' title="bbox 581 589 810 676">
     <span class='ocr_line' id='line_1_2' title="bbox 581 589 810 676; baseline 0.004 -21"><span class='ocrx_word' id='word_1_2' title='bbox 581 589 810 676; x_wconf 84' lang='lat' dir='ltr'>Ehinger¹.</span> 
     </span>
    </p>
   </div>
   <div class='ocr_carea' id='block_1_3' title="bbox 109 731 1295 3550">
    <p class='ocr_par' dir='ltr' id='par_1_3' title="bbox 109 731 1295 3550">
     <span class='ocr_line' id='line_1_3' title="bbox 208 731 1268 822; baseline -0.002 -21"><span class='ocrx_word' id='word_1_3' title='bbox 208 736 475 822; x_wconf 81' lang='lat' dir='ltr'>Elhingerensium</span> <span class='ocrx_word' id='word_1_4' title='bbox 499 733 674 799; x_wconf 91' lang='lat' dir='ltr'>clarissima</span> <span class='ocrx_word' id='word_1_5' title='bbox 696 731 846 797; x_wconf 91' lang='lat' dir='ltr'>ulmensis</span> <span class='ocrx_word' id='word_1_6' title='bbox 870 731 1011 796; x_wconf 81' lang='lat' dir='ltr'>civitatis</span> <span class='ocrx_word' id='word_1_7' title='bbox 1034 731 1162 798; x_wconf 85' lang='lat' dir='ltr'>familia</span> <span class='ocrx_word' id='word_1_8' title='bbox 1189 736 1268 818; x_wconf 90' lang='lat' dir='ltr'>copi-</span> 
     </span>
     <span class='ocr_line' id='line_1_4' title="bbox 124 837 1269 925; baseline -0.001 -20"><span class='ocrx_word' id='word_1_9' title='bbox 124 864 180 905; x_wconf 90' lang='lat' dir='ltr'>osa</span> <span class='ocrx_word' id='word_1_10' title='bbox 201 842 284 905; x_wconf 91' lang='lat' dir='ltr'>unde</span> <span class='ocrx_word' id='word_1_11' title='bbox 307 840 456 925; x_wconf 89' lang='lat' dir='ltr'>primitus</span> <span class='ocrx_word' id='word_1_12' title='bbox 480 844 586 905; x_wconf 92' lang='lat' dir='ltr'>ortum</span> <span class='ocrx_word' id='word_1_13' title='bbox 608 837 770 916; x_wconf 88' lang='lat' dir='ltr'>habuerit,</span> <span class='ocrx_word' id='word_1_14' title='bbox 794 837 938 922; x_wconf 85' lang='lat' dir='ltr'>longaeva</span> <span class='ocrx_word' id='word_1_15' title='bbox 960 837 1117 903; x_wconf 71' lang='lat' dir='ltr'><strong>successio</strong></span> <span class='ocrx_word' id='word_1_16' title='bbox 1141 838 1269 904; x_wconf 91' lang='lat' dir='ltr'>oblivio-</span> 
     </span>
     <span class='ocr_line' id='line_1_5' title="bbox 121 926 1269 1021; baseline -0.003 -11"><span class='ocrx_word' id='word_1_17' title='bbox 121 969 194 1011; x_wconf 98' lang='lat' dir='ltr'>nem</span> <span class='ocrx_word' id='word_1_18' title='bbox 218 951 250 1011; x_wconf 92' lang='lat' dir='ltr'>et</span> <span class='ocrx_word' id='word_1_19' title='bbox 273 946 405 1010; x_wconf 92' lang='lat' dir='ltr'>dubium</span> <span class='ocrx_word' id='word_1_20' title='bbox 420 944 556 1010; x_wconf 80' lang='lat' dir='ltr'>induxit.</span> <span class='ocrx_word' id='word_1_21' title='bbox 602 943 738 1018; x_wconf 76' lang='lat' dir='ltr'>Quidam</span> <span class='ocrx_word' id='word_1_22' title='bbox 752 943 837 1007; x_wconf 91' lang='lat' dir='ltr'>enim</span> <span class='ocrx_word' id='word_1_23' title='bbox 860 943 979 1021; x_wconf 80' lang='lat' dir='ltr'>dicunt,</span> <span class='ocrx_word' id='word_1_24' title='bbox 1002 963 1056 1006; x_wconf 89' lang='lat' dir='ltr'>eos</span> <span class='ocrx_word' id='word_1_25' title='bbox 1071 926 1162 1007; x_wconf 87' lang='lat' dir='ltr'>olim</span> <span class='ocrx_word' id='word_1_26' title='bbox 1175 943 1269 1007; x_wconf 93' lang='lat' dir='ltr'>nomi-</span> 
     </span>
     <span class='ocr_line' id='line_1_6' title="bbox 121 1048 1269 1137; baseline -0.003 -22"><span class='ocrx_word' id='word_1_27' title='bbox 121 1056 214 1116; x_wconf 89' lang='lat' dir='ltr'>natos</span> <span class='ocrx_word' id='word_1_28' title='bbox 238 1052 415 1137; x_wconf 85' lang='lat' dir='ltr'>Egrenses‚</span> <span class='ocrx_word' id='word_1_29' title='bbox 448 1050 625 1135; x_wconf 77' lang='lat' dir='ltr'>vulgariter</span> <span class='ocrx_word' id='word_1_30' title='bbox 646 1048 770 1133; x_wconf 80' lang='lat' dir='ltr'>Egrer,</span> <span class='ocrx_word' id='word_1_31' title='bbox 794 1048 937 1132; x_wconf 90' lang='lat' dir='ltr'>eoquod</span> <span class='ocrx_word' id='word_1_32' title='bbox 961 1049 1001 1112; x_wconf 92' lang='lat' dir='ltr'>ab</span> <span class='ocrx_word' id='word_1_33' title='bbox 1025 1048 1117 1132; x_wconf 84' lang='lat' dir='ltr'>Egra</span> <span class='ocrx_word' id='word_1_34' title='bbox 1140 1048 1269 1114; x_wconf 83' lang='lat' dir='ltr'>Lusetiae</span> 
     </span>
     <span class='ocr_line' id='line_1_7' title="bbox 121 1152 1269 1240; baseline -0.003 -20"><span class='ocrx_word' id='word_1_35' title='bbox 121 1155 251 1221; x_wconf 90' lang='lat' dir='ltr'>civitate</span> <span class='ocrx_word' id='word_1_36' title='bbox 274 1156 365 1220; x_wconf 83' lang='lat' dir='ltr'>effusi</span> <span class='ocrx_word' id='word_1_37' title='bbox 387 1156 421 1240; x_wconf 88' lang='lat' dir='ltr'>in</span> <span class='ocrx_word' id='word_1_38' title='bbox 446 1153 656 1219; x_wconf 79' lang='lat' dir='ltr'>Franconiam</span> <span class='ocrx_word' id='word_1_39' title='bbox 679 1152 781 1237; x_wconf 89' lang='lat' dir='ltr'>primo</span> <span class='ocrx_word' id='word_1_40' title='bbox 815 1152 881 1217; x_wconf 92' lang='lat' dir='ltr'>sint</span> <span class='ocrx_word' id='word_1_41' title='bbox 912 1157 945 1217; x_wconf 91' lang='lat' dir='ltr'>et</span> <span class='ocrx_word' id='word_1_42' title='bbox 966 1153 1039 1217; x_wconf 92' lang='lat' dir='ltr'>inde</span> <span class='ocrx_word' id='word_1_43' title='bbox 1069 1153 1106 1216; x_wconf 92' lang='lat' dir='ltr'>in</span> <span class='ocrx_word' id='word_1_44' title='bbox 1130 1154 1269 1218; x_wconf 83' lang='lat' dir='ltr'>Snevien</span> 
     </span>
     <span class='ocr_line' id='line_1_8' title="bbox 123 1257 1268 1346; baseline -0.001 -22"><span class='ocrx_word' id='word_1_45' title='bbox 123 1260 316 1346; x_wconf 80' lang='lat' dir='ltr'>emigrantes</span> <span class='ocrx_word' id='word_1_46' title='bbox 331 1261 437 1327; x_wconf 81' lang='lat' dir='ltr'>Ulmae</span> <span class='ocrx_word' id='word_1_47' title='bbox 461 1259 668 1326; x_wconf 78' lang='lat' dir='ltr'>consederint.</span> <span class='ocrx_word' id='word_1_48' title='bbox 695 1259 808 1342; x_wconf 87' lang='lat' dir='ltr'>quodsi</span> <span class='ocrx_word' id='word_1_49' title='bbox 830 1258 876 1322; x_wconf 92' lang='lat' dir='ltr'>sic</span> <span class='ocrx_word' id='word_1_50' title='bbox 906 1257 1045 1323; x_wconf 89' lang='lat' dir='ltr'>dicentes</span> <span class='ocrx_word' id='word_1_51' title='bbox 1068 1258 1106 1322; x_wconf 91' lang='lat' dir='ltr'>id</span> <span class='ocrx_word' id='word_1_52' title='bbox 1119 1259 1225 1323; x_wconf 90' lang='lat' dir='ltr'>solum</span> <span class='ocrx_word' id='word_1_53' title='bbox 1240 1281 1268 1323; x_wconf 82' lang='lat' dir='ltr'>ex</span> 
     </span>
     <span class='ocr_line' id='line_1_9' title="bbox 122 1362 1267 1449; baseline -0.002 -20"><span class='ocrx_word' id='word_1_54' title='bbox 122 1367 249 1430; x_wconf 92' lang='lat' dir='ltr'>nomine</span> <span class='ocrx_word' id='word_1_55' title='bbox 273 1371 447 1446; x_wconf 77' lang='lat' dir='ltr'>venantur,</span> <span class='ocrx_word' id='word_1_56' title='bbox 471 1365 612 1449; x_wconf 87' lang='lat' dir='ltr'>profecto</span> <span class='ocrx_word' id='word_1_57' title='bbox 636 1364 733 1428; x_wconf 92' lang='lat' dir='ltr'>debili</span> <span class='ocrx_word' id='word_1_58' title='bbox 757 1364 963 1428; x_wconf 89' lang='lat' dir='ltr'>fundamento</span> <span class='ocrx_word' id='word_1_59' title='bbox 984 1363 1182 1429; x_wconf 87' lang='lat' dir='ltr'>innituntur.</span> <span class='ocrx_word' id='word_1_60' title='bbox 1227 1362 1267 1428; x_wconf 83' lang='lat' dir='ltr'>Sic</span> 
     </span>
     <span class='ocr_line' id='line_1_10' title="bbox 124 1467 1266 1555; baseline -0.003 -20"><span class='ocrx_word' id='word_1_61' title='bbox 124 1473 208 1536; x_wconf 90' lang='lat' dir='ltr'>enim</span> <span class='ocrx_word' id='word_1_62' title='bbox 223 1494 384 1555; x_wconf 85' lang='lat' dir='ltr'>possemus</span> <span class='ocrx_word' id='word_1_63' title='bbox 400 1493 452 1536; x_wconf 87' lang='lat' dir='ltr'>eos</span> <span class='ocrx_word' id='word_1_64' title='bbox 469 1469 622 1555; x_wconf 86' lang='lat' dir='ltr'>suspicari</span> <span class='ocrx_word' id='word_1_65' title='bbox 638 1474 725 1533; x_wconf 90' lang='lat' dir='ltr'>ortos</span> <span class='ocrx_word' id='word_1_66' title='bbox 748 1491 787 1533; x_wconf 87' lang='lat' dir='ltr'>ex</span> <span class='ocrx_word' id='word_1_67' title='bbox 802 1467 911 1551; x_wconf 82' lang='lat' dir='ltr'>Aegea</span> <span class='ocrx_word' id='word_1_68' title='bbox 926 1469 1056 1537; x_wconf 84' lang='lat' dir='ltr'>civitate</span> <span class='ocrx_word' id='word_1_69' title='bbox 1071 1468 1266 1534; x_wconf 79' lang='lat' dir='ltr'>nobilissime</span> 
     </span>
     <span class='ocr_line' id='line_1_11' title="bbox 123 1572 1264 1660; baseline -0.004 -19"><span class='ocrx_word' id='word_1_70' title='bbox 123 1575 293 1660; x_wconf 85' lang='lat' dir='ltr'>provinciae</span> <span class='ocrx_word' id='word_1_71' title='bbox 309 1575 427 1640; x_wconf 84' lang='lat' dir='ltr'>Ciliciae</span> <span class='ocrx_word' id='word_1_72' title='bbox 450 1598 514 1640; x_wconf 93' lang='lat' dir='ltr'>non</span> <span class='ocrx_word' id='word_1_73' title='bbox 537 1575 633 1657; x_wconf 89' lang='lat' dir='ltr'>louge</span> <span class='ocrx_word' id='word_1_74' title='bbox 654 1596 674 1637; x_wconf 85' lang='lat' dir='ltr'>u</span> <span class='ocrx_word' id='word_1_75' title='bbox 696 1572 796 1638; x_wconf 82' lang='lat' dir='ltr'>Tarso</span> <span class='ocrx_word' id='word_1_76' title='bbox 819 1572 886 1638; x_wconf 88' lang='lat' dir='ltr'>Scti</span> <span class='ocrx_word' id='word_1_77' title='bbox 908 1573 1000 1638; x_wconf 90' lang='lat' dir='ltr'>Pauli</span> <span class='ocrx_word' id='word_1_78' title='bbox 1023 1573 1140 1659; x_wconf 77' lang='lat' dir='ltr'>agello,</span> <span class='ocrx_word' id='word_1_79' title='bbox 1165 1574 1216 1639; x_wconf 91' lang='lat' dir='ltr'>vel</span> <span class='ocrx_word' id='word_1_80' title='bbox 1235 1572 1264 1638; x_wconf 87' lang='lat' dir='ltr'>ab</span> 
     </span>
     <span class='ocr_line' id='line_1_12' title="bbox 125 1677 1262 1773; baseline -0.002 -29"><span class='ocrx_word' id='word_1_81' title='bbox 125 1681 233 1765; x_wconf 89' lang='lat' dir='ltr'>aliqua</span> <span class='ocrx_word' id='word_1_82' title='bbox 255 1680 359 1744; x_wconf 87' lang='lat' dir='ltr'>insula</span> <span class='ocrx_word' id='word_1_83' title='bbox 375 1680 476 1765; x_wconf 85' lang='lat' dir='ltr'>Aegei</span> <span class='ocrx_word' id='word_1_84' title='bbox 498 1680 605 1773; x_wconf 86' lang='lat' dir='ltr'>maris,</span> <span class='ocrx_word' id='word_1_85' title='bbox 629 1677 745 1762; x_wconf 90' lang='lat' dir='ltr'>quibus</span> <span class='ocrx_word' id='word_1_86' title='bbox 760 1679 821 1742; x_wconf 93' lang='lat' dir='ltr'>hoc</span> <span class='ocrx_word' id='word_1_87' title='bbox 843 1679 974 1762; x_wconf 88' lang='lat' dir='ltr'>pelagus</span> <span class='ocrx_word' id='word_1_88' title='bbox 994 1678 1172 1762; x_wconf 87' lang='lat' dir='ltr'>plurimum</span> <span class='ocrx_word' id='word_1_89' title='bbox 1186 1679 1262 1744; x_wconf 93' lang='lat' dir='ltr'>nobi-</span> 
     </span>
     <span class='ocr_line' id='line_1_13' title="bbox 124 1771 1257 1869; baseline 0.001 -22"><span class='ocrx_word' id='word_1_90' title='bbox 124 1785 246 1849; x_wconf 84' lang='lat' dir='ltr'>litetur.</span> <span class='ocrx_word' id='word_1_91' title='bbox 294 1785 405 1868; x_wconf 87' lang='lat' dir='ltr'>Aliqui</span> <span class='ocrx_word' id='word_1_92' title='bbox 428 1786 537 1848; x_wconf 89' lang='lat' dir='ltr'>dicunt</span> <span class='ocrx_word' id='word_1_93' title='bbox 550 1782 719 1869; x_wconf 78' lang='lat' dir='ltr'>Ehinger²</span> <span class='ocrx_word' id='word_1_94' title='bbox 744 1785 922 1868; x_wconf 87' lang='lat' dir='ltr'>antiquitus</span> <span class='ocrx_word' id='word_1_95' title='bbox 937 1771 1035 1850; x_wconf 88' lang='lat' dir='ltr'>fuisse</span> <span class='ocrx_word' id='word_1_96' title='bbox 1050 1807 1127 1869; x_wconf 89' lang='lat' dir='ltr'>pars</span> <span class='ocrx_word' id='word_1_97' title='bbox 1142 1786 1257 1850; x_wconf 85' lang='lat' dir='ltr'>familie</span> 
     </span>
     <span class='ocr_line' id='line_1_14' title="bbox 123 1889 1257 1974; baseline -0.001 -21"><span class='ocrx_word' id='word_1_98' title='bbox 123 1890 215 1953; x_wconf 88' lang='lat' dir='ltr'>dictae</span> <span class='ocrx_word' id='word_1_99' title='bbox 234 1889 349 1974; x_wconf 79' lang='lat' dir='ltr'>Egen³</span> <span class='ocrx_word' id='word_1_100' title='bbox 368 1911 436 1973; x_wconf 82' lang='lat' dir='ltr'>quea</span> <span class='ocrx_word' id='word_1_101' title='bbox 454 1889 635 1974; x_wconf 89' lang='lat' dir='ltr'>Augustam</span> <span class='ocrx_word' id='word_1_102' title='bbox 651 1889 772 1968; x_wconf 80' lang='lat' dir='ltr'>incolit,</span> <span class='ocrx_word' id='word_1_103' title='bbox 796 1911 893 1974; x_wconf 84' lang='lat' dir='ltr'>eque</span> <span class='ocrx_word' id='word_1_104' title='bbox 909 1889 1004 1954; x_wconf 83' lang='lat' dir='ltr'>decisi</span> <span class='ocrx_word' id='word_1_105' title='bbox 1025 1892 1057 1954; x_wconf 86' lang='lat' dir='ltr'>et</span> <span class='ocrx_word' id='word_1_106' title='bbox 1073 1890 1169 1955; x_wconf 89' lang='lat' dir='ltr'>divisi</span> <span class='ocrx_word' id='word_1_107' title='bbox 1191 1889 1257 1954; x_wconf 88' lang='lat' dir='ltr'>aliud</span> 
     </span>
     <span class='ocr_line' id='line_1_15' title="bbox 125 1993 1256 2082; baseline -0.002 -24"><span class='ocrx_word' id='word_1_108' title='bbox 125 2016 241 2058; x_wconf 91' lang='lat' dir='ltr'>nomen</span> <span class='ocrx_word' id='word_1_109' title='bbox 264 1993 326 2058; x_wconf 88' lang='lat' dir='ltr'>sibi</span> <span class='ocrx_word' id='word_1_110' title='bbox 349 1993 545 2077; x_wconf 80' lang='lat' dir='ltr'>acceperunt,</span> <span class='ocrx_word' id='word_1_111' title='bbox 570 1994 652 2057; x_wconf 91' lang='lat' dir='ltr'>sicut</span> <span class='ocrx_word' id='word_1_112' title='bbox 674 1993 770 2056; x_wconf 88' lang='lat' dir='ltr'>etiam</span> <span class='ocrx_word' id='word_1_113' title='bbox 786 1993 929 2058; x_wconf 89' lang='lat' dir='ltr'>fecerunt</span> <span class='ocrx_word' id='word_1_114' title='bbox 944 1993 991 2058; x_wconf 91' lang='lat' dir='ltr'>illi</span> <span class='ocrx_word' id='word_1_115' title='bbox 1008 1995 1047 2058; x_wconf 90' lang='lat' dir='ltr'>de</span> <span class='ocrx_word' id='word_1_116' title='bbox 1070 1993 1161 2082; x_wconf 87' lang='lat' dir='ltr'>Argo</span> <span class='ocrx_word' id='word_1_117' title='bbox 1176 1995 1198 2074; x_wconf 77' lang='lat'>⁴,</span> <span class='ocrx_word' id='word_1_118' title='bbox 1218 1993 1256 2078; x_wconf 88' lang='lat' dir='ltr'>qui</span> 
     </span>
     <span class='ocr_line' id='line_1_16' title="bbox 124 2096 1254 2185; baseline 0.001 -21"><span class='ocrx_word' id='word_1_119' title='bbox 124 2123 162 2164; x_wconf 87' lang='lat' dir='ltr'>ex</span> <span class='ocrx_word' id='word_1_120' title='bbox 178 2100 286 2164; x_wconf 91' lang='lat' dir='ltr'>eadem</span> <span class='ocrx_word' id='word_1_121' title='bbox 309 2099 432 2163; x_wconf 83' lang='lat' dir='ltr'>familia</span> <span class='ocrx_word' id='word_1_122' title='bbox 452 2099 627 2185; x_wconf 84' lang='lat' dir='ltr'>Egensium</span> <span class='ocrx_word' id='word_1_123' title='bbox 643 2099 714 2162; x_wconf 91' lang='lat' dir='ltr'>orti.</span> <span class='ocrx_word' id='word_1_124' title='bbox 753 2096 821 2161; x_wconf 91' lang='lat' dir='ltr'>Alii</span> <span class='ocrx_word' id='word_1_125' title='bbox 836 2098 1009 2181; x_wconf 87' lang='lat' dir='ltr'>opinantur</span> <span class='ocrx_word' id='word_1_126' title='bbox 1024 2097 1254 2184; x_wconf 79' lang='lat' dir='ltr'>Echingerenses</span> 
     </span>
     <span class='ocr_line' id='line_1_17' title="bbox 125 2202 1252 2291; baseline -0.001 -23"><span class='ocrx_word' id='word_1_127' title='bbox 125 2202 165 2268; x_wconf 88' lang='lat' dir='ltr'>ab</span> <span class='ocrx_word' id='word_1_128' title='bbox 189 2205 305 2287; x_wconf 92' lang='lat' dir='ltr'>oppido</span> <span class='ocrx_word' id='word_1_129' title='bbox 330 2205 499 2289; x_wconf 84' lang='lat' dir='ltr'>provinciae</span> <span class='ocrx_word' id='word_1_130' title='bbox 525 2205 613 2268; x_wconf 88' lang='lat' dir='ltr'>ducis</span> <span class='ocrx_word' id='word_1_131' title='bbox 633 2205 771 2269; x_wconf 87' lang='lat' dir='ltr'>Austriae</span> <span class='ocrx_word' id='word_1_132' title='bbox 787 2205 955 2289; x_wconf 82' lang='lat' dir='ltr'>Echiugen</span> <span class='ocrx_word' id='word_1_133' title='bbox 971 2204 1149 2291; x_wconf 82' lang='lat' dir='ltr'>(Ehingen)</span> <span class='ocrx_word' id='word_1_134' title='bbox 1166 2204 1252 2281; x_wconf 77' lang='lat' dir='ltr'>dictos,</span> 
     </span>
     <span class='ocr_line' id='line_1_18' title="bbox 123 2297 1295 2394; baseline -0.001 -20"><span class='ocrx_word' id='word_1_135' title='bbox 123 2310 177 2374; x_wconf 91' lang='lat' dir='ltr'>sed</span> <span class='ocrx_word' id='word_1_136' title='bbox 201 2330 263 2393; x_wconf 91' lang='lat' dir='ltr'>quo</span> <span class='ocrx_word' id='word_1_137' title='bbox 287 2331 361 2373; x_wconf 88' lang='lat' dir='ltr'>casu</span> <span class='ocrx_word' id='word_1_138' title='bbox 383 2331 446 2373; x_wconf 92' lang='lat' dir='ltr'>non</span> <span class='ocrx_word' id='word_1_139' title='bbox 471 2309 589 2374; x_wconf 89' lang='lat' dir='ltr'>dicunt.</span> <span class='ocrx_word' id='word_1_140' title='bbox 636 2309 739 2374; x_wconf 74' lang='lat' dir='ltr'>Ceteri</span> <span class='ocrx_word' id='word_1_141' title='bbox 769 2314 881 2373; x_wconf 92' lang='lat' dir='ltr'>tenent</span> <span class='ocrx_word' id='word_1_142' title='bbox 911 2311 994 2394; x_wconf 90' lang='lat' dir='ltr'>qnod</span> <span class='ocrx_word' id='word_1_143' title='bbox 1025 2297 1250 2374; x_wconf 82' lang='lat' dir='ltr'>avillaRhsc·</span> <span class='ocrx_word' id='word_1_144' title='bbox 1292 2313 1295 2319; x_wconf 85' lang='grc'><strong>’</strong></span> 
     </span>
     <span class='ocr_line' id='line_1_19' title="bbox 124 2397 1249 2500; baseline -0.005 -21"><span class='ocrx_word' id='word_1_145' title='bbox 124 2414 177 2479; x_wconf 85' lang='lat' dir='ltr'>tiae</span> <span class='ocrx_word' id='word_1_146' title='bbox 200 2436 297 2498; x_wconf 89' lang='lat' dir='ltr'>prope</span> <span class='ocrx_word' id='word_1_147' title='bbox 321 2397 494 2498; x_wconf 74' lang='lat' dir='ltr'>(lttingen,</span> <span class='ocrx_word' id='word_1_148' title='bbox 530 2415 680 2499; x_wconf 80' lang='lat' dir='ltr'>Ehiugen</span> <span class='ocrx_word' id='word_1_149' title='bbox 703 2415 807 2493; x_wconf 86' lang='lat' dir='ltr'>dicta,</span> <span class='ocrx_word' id='word_1_150' title='bbox 841 2414 907 2477; x_wconf 93' lang='lat' dir='ltr'>sint</span> <span class='ocrx_word' id='word_1_151' title='bbox 939 2415 1098 2479; x_wconf 88' lang='lat' dir='ltr'>nominati</span> <span class='ocrx_word' id='word_1_152' title='bbox 1121 2415 1249 2500; x_wconf 85' lang='lat' dir='ltr'>Ehinger.</span> 
     </span>
     <span class='ocr_line' id='line_1_20' title="bbox 124 2504 1295 2605; baseline -0.004 -22"><span class='ocrx_word' id='word_1_153' title='bbox 124 2518 237 2605; x_wconf 80' lang='lat' dir='ltr'>Sisque</span> <span class='ocrx_word' id='word_1_154' title='bbox 260 2520 374 2583; x_wconf 90' lang='lat' dir='ltr'>diversi</span> <span class='ocrx_word' id='word_1_155' title='bbox 398 2520 523 2584; x_wconf 86' lang='lat' dir='ltr'>diversa</span> <span class='ocrx_word' id='word_1_156' title='bbox 546 2521 664 2599; x_wconf 85' lang='lat' dir='ltr'>dicunt,</span> <span class='ocrx_word' id='word_1_157' title='bbox 689 2519 765 2604; x_wconf 85' lang='lat' dir='ltr'>quia</span> <span class='ocrx_word' id='word_1_158' title='bbox 787 2518 914 2583; x_wconf 89' lang='lat' dir='ltr'>familia</span> <span class='ocrx_word' id='word_1_159' title='bbox 936 2519 993 2583; x_wconf 86' lang='lat' dir='ltr'>illa</span> <span class='ocrx_word' id='word_1_160' title='bbox 1017 2520 1150 2603; x_wconf 86' lang='lat' dir='ltr'>grandis</span> <span class='ocrx_word' id='word_1_161' title='bbox 1172 2519 1249 2584; x_wconf 88' lang='lat' dir='ltr'>estet</span> <span class='ocrx_word' id='word_1_162' title='bbox 1293 2504 1295 2521; x_wconf 63' lang='lat'><em>²</em></span> 
     </span>
     <span class='ocr_line' id='line_1_21' title="bbox 125 2620 1251 2710; baseline -0.004 -22"><span class='ocrx_word' id='word_1_163' title='bbox 125 2627 288 2690; x_wconf 88' lang='lat' dir='ltr'>nominata</span> <span class='ocrx_word' id='word_1_164' title='bbox 310 2626 343 2688; x_wconf 93' lang='lat' dir='ltr'>in</span> <span class='ocrx_word' id='word_1_165' title='bbox 368 2624 502 2704; x_wconf 73' lang='lat' dir='ltr'>Su‘evia,</span> <span class='ocrx_word' id='word_1_166' title='bbox 535 2625 573 2689; x_wconf 91' lang='lat' dir='ltr'>de</span> <span class='ocrx_word' id='word_1_167' title='bbox 595 2625 683 2689; x_wconf 90' lang='lat' dir='ltr'>cuius</span> <span class='ocrx_word' id='word_1_168' title='bbox 715 2624 842 2710; x_wconf 85' lang='lat' dir='ltr'>origine</span> <span class='ocrx_word' id='word_1_169' title='bbox 875 2623 971 2688; x_wconf 89' lang='lat' dir='ltr'>multi</span> <span class='ocrx_word' id='word_1_170' title='bbox 994 2625 1169 2705; x_wconf 78' lang='lat' dir='ltr'>mirentur,</span> <span class='ocrx_word' id='word_1_171' title='bbox 1198 2620 1251 2709; x_wconf 85' lang='lat' dir='ltr'>qnia</span> 
     </span>
     <span class='ocr_line' id='line_1_22' title="bbox 125 2729 1249 2814; baseline 0 -21"><span class='ocrx_word' id='word_1_172' title='bbox 125 2752 196 2794; x_wconf 93' lang='lat' dir='ltr'>cum</span> <span class='ocrx_word' id='word_1_173' title='bbox 218 2730 359 2794; x_wconf 82' lang='lat' dir='ltr'>habeant</span> <span class='ocrx_word' id='word_1_174' title='bbox 380 2740 484 2795; x_wconf 87' lang='lat' dir='ltr'>mores</span> <span class='ocrx_word' id='word_1_175' title='bbox 507 2751 696 2814; x_wconf 88' lang='lat' dir='ltr'>magnorum</span> <span class='ocrx_word' id='word_1_176' title='bbox 713 2729 871 2794; x_wconf 90' lang='lat' dir='ltr'>nobilium</span> <span class='ocrx_word' id='word_1_177' title='bbox 885 2734 918 2794; x_wconf 90' lang='lat' dir='ltr'>et</span> <span class='ocrx_word' id='word_1_178' title='bbox 932 2729 1119 2811; x_wconf 85' lang='lat' dir='ltr'>illustrium,</span> <span class='ocrx_word' id='word_1_179' title='bbox 1142 2731 1249 2796; x_wconf 89' lang='lat' dir='ltr'>circun-</span> 
     </span>
     <span class='ocr_line' id='line_1_23' title="bbox 109 2817 1251 2921; baseline -0.004 -23"><span class='ocrx_word' id='word_1_180' title='bbox 109 2817 240 2917; x_wconf 46' lang='lat' dir='ltr'>&#39;spectis</span> <span class='ocrx_word' id='word_1_181' title='bbox 269 2834 347 2899; x_wconf 91' lang='lat' dir='ltr'>viris</span> <span class='ocrx_word' id='word_1_182' title='bbox 379 2835 466 2898; x_wconf 90' lang='lat' dir='ltr'>venit</span> <span class='ocrx_word' id='word_1_183' title='bbox 497 2835 532 2898; x_wconf 93' lang='lat' dir='ltr'>in</span> <span class='ocrx_word' id='word_1_184' title='bbox 563 2833 704 2898; x_wconf 89' lang='lat' dir='ltr'>dubium.</span> <span class='ocrx_word' id='word_1_185' title='bbox 751 2833 834 2898; x_wconf 85' lang='lat' dir='ltr'>Sunt</span> <span class='ocrx_word' id='word_1_186' title='bbox 863 2835 947 2899; x_wconf 88' lang='lat' dir='ltr'>enirn</span> <span class='ocrx_word' id='word_1_187' title='bbox 976 2841 1014 2901; x_wconf 95' lang='lat' dir='ltr'>ut</span> <span class='ocrx_word' id='word_1_188' title='bbox 1042 2836 1078 2901; x_wconf 92' lang='lat' dir='ltr'>in</span> <span class='ocrx_word' id='word_1_189' title='bbox 1107 2836 1251 2921; x_wconf 86' lang='lat' dir='ltr'>plurimun</span> 
     </span>
     <span class='ocr_line' id='line_1_24' title="bbox 127 2938 1249 3024; baseline 0 -24"><span class='ocrx_word' id='word_1_190' title='bbox 127 2939 296 3022; x_wconf 87' lang='lat' dir='ltr'>prudentes</span> <span class='ocrx_word' id='word_1_191' title='bbox 319 2943 351 3002; x_wconf 87' lang='lat' dir='ltr'>et</span> <span class='ocrx_word' id='word_1_192' title='bbox 374 2938 573 3023; x_wconf 86' lang='lat' dir='ltr'>eloquentes,</span> <span class='ocrx_word' id='word_1_193' title='bbox 597 2939 711 3003; x_wconf 89' lang='lat' dir='ltr'>divites</span> <span class='ocrx_word' id='word_1_194' title='bbox 734 2944 766 3002; x_wconf 92' lang='lat' dir='ltr'>et</span> <span class='ocrx_word' id='word_1_195' title='bbox 790 2939 949 3017; x_wconf 80' lang='lat' dir='ltr'>liberales,</span> <span class='ocrx_word' id='word_1_196' title='bbox 981 2945 1128 3024; x_wconf 87' lang='lat' dir='ltr'>potentes</span> <span class='ocrx_word' id='word_1_197' title='bbox 1155 2946 1186 3007; x_wconf 90' lang='lat' dir='ltr'>et</span> <span class='ocrx_word' id='word_1_198' title='bbox 1207 2939 1249 3003; x_wconf 88' lang='lat' dir='ltr'>hu·</span> 
     </span>
     <span class='ocr_line' id='line_1_25' title="bbox 126 3042 1251 3127; baseline 0.001 -21"><span class='ocrx_word' id='word_1_199' title='bbox 126 3042 212 3106; x_wconf 91' lang='lat' dir='ltr'>mani</span> <span class='ocrx_word' id='word_1_200' title='bbox 235 3065 305 3126; x_wconf 85' lang='lat' dir='ltr'>quae</span> <span class='ocrx_word' id='word_1_201' title='bbox 338 3048 413 3107; x_wconf 93' lang='lat' dir='ltr'>sunt</span> <span class='ocrx_word' id='word_1_202' title='bbox 443 3067 515 3108; x_wconf 90' lang='lat' dir='ltr'>vere</span> <span class='ocrx_word' id='word_1_203' title='bbox 548 3043 704 3108; x_wconf 91' lang='lat' dir='ltr'>nobilium</span> <span class='ocrx_word' id='word_1_204' title='bbox 727 3044 932 3109; x_wconf 90' lang='lat' dir='ltr'>conditiones.</span> <span class='ocrx_word' id='word_1_205' title='bbox 979 3045 1027 3110; x_wconf 91' lang='lat' dir='ltr'>De</span> <span class='ocrx_word' id='word_1_206' title='bbox 1064 3068 1172 3112; x_wconf 89' lang='lat' dir='ltr'>eornm</span> <span class='ocrx_word' id='word_1_207' title='bbox 1196 3058 1251 3127; x_wconf 78' lang='lat' dir='ltr'>ergo</span> 
     </span>
     <span class='ocr_line' id='line_1_26' title="bbox 126 3147 1251 3237; baseline 0.003 -25"><span class='ocrx_word' id='word_1_208' title='bbox 126 3149 250 3234; x_wconf 91' lang='lat' dir='ltr'>origine</span> <span class='ocrx_word' id='word_1_209' title='bbox 273 3170 323 3227; x_wconf 56' lang='lat' dir='ltr'>ea,</span> <span class='ocrx_word' id='word_1_210' title='bbox 343 3171 413 3233; x_wconf 89' lang='lat' dir='ltr'>quae</span> <span class='ocrx_word' id='word_1_211' title='bbox 437 3173 475 3214; x_wconf 88' lang='lat' dir='ltr'>ex</span> <span class='ocrx_word' id='word_1_212' title='bbox 499 3150 639 3233; x_wconf 86' lang='lat' dir='ltr'>antiquis</span> <span class='ocrx_word' id='word_1_213' title='bbox 667 3147 818 3234; x_wconf 89' lang='lat' dir='ltr'>sigillatis</span> <span class='ocrx_word' id='word_1_214' title='bbox 842 3149 961 3214; x_wconf 86' lang='lat' dir='ltr'>litteris</span> <span class='ocrx_word' id='word_1_215' title='bbox 985 3152 1090 3235; x_wconf 87' lang='lat' dir='ltr'>accepi</span> <span class='ocrx_word' id='word_1_216' title='bbox 1114 3156 1146 3217; x_wconf 89' lang='lat' dir='ltr'>et</span> <span class='ocrx_word' id='word_1_217' title='bbox 1167 3167 1251 3237; x_wconf 70' lang='lat' dir='ltr'>ques</span> 
     </span>
     <span class='ocr_line' id='line_1_27' title="bbox 126 3253 1251 3342; baseline 0.002 -25"><span class='ocrx_word' id='word_1_218' title='bbox 126 3253 304 3317; x_wconf 91' lang='lat' dir='ltr'>senioribus</span> <span class='ocrx_word' id='word_1_219' title='bbox 319 3253 414 3322; x_wconf 77' lang='lat' dir='ltr'>,illius</span> <span class='ocrx_word' id='word_1_220' title='bbox 440 3254 569 3318; x_wconf 70' lang='lat' dir='ltr'>familiae</span> <span class='ocrx_word' id='word_1_221' title='bbox 593 3254 698 3333; x_wconf 76' lang='lat' dir='ltr'>didici,</span> <span class='ocrx_word' id='word_1_222' title='bbox 722 3253 867 3319; x_wconf 87' lang='lat' dir='ltr'>referam.</span> <span class='ocrx_word' id='word_1_223' title='bbox 916 3253 1091 3339; x_wconf 89' lang='lat' dir='ltr'>Inprimis</span> <span class='ocrx_word' id='word_1_224' title='bbox 1113 3279 1186 3342; x_wconf 90' lang='lat' dir='ltr'>ergo</span> <span class='ocrx_word' id='word_1_225' title='bbox 1203 3253 1251 3319; x_wconf 78' lang='lat' dir='ltr'>sine</span> 
     </span>
     <span class='ocr_line' id='line_1_28' title="bbox 125 3358 1250 3446; baseline 0 -24"><span class='ocrx_word' id='word_1_226' title='bbox 125 3358 326 3423; x_wconf 85' lang='lat' dir='ltr'>haesitatione</span> <span class='ocrx_word' id='word_1_227' title='bbox 349 3359 429 3438; x_wconf 82' lang='lat' dir='ltr'>dioc,</span> <span class='ocrx_word' id='word_1_228' title='bbox 453 3359 535 3423; x_wconf 82' lang='lat' dir='ltr'>hanc</span> <span class='ocrx_word' id='word_1_229' title='bbox 557 3359 714 3423; x_wconf 81' lang='lat' dir='ltr'>familiam</span> <span class='ocrx_word' id='word_1_230' title='bbox 738 3363 870 3446; x_wconf 74' lang='lat' dir='ltr'>vetuste</span> <span class='ocrx_word' id='word_1_231' title='bbox 888 3359 1069 3426; x_wconf 88' lang='lat' dir='ltr'>nobilitatis</span> <span class='ocrx_word' id='word_1_232' title='bbox 1085 3361 1180 3427; x_wconf 81' lang='lat' dir='ltr'>fore⁵</span> <span class='ocrx_word' id='word_1_233' title='bbox 1198 3378 1250 3444; x_wconf 86' lang='lat' dir='ltr'>ger·</span> 
     </span>
     <span class='ocr_line' id='line_1_29' title="bbox 126 3461 1285 3550; baseline 0.005 -24"><span class='ocrx_word' id='word_1_234' title='bbox 126 3487 207 3542; x_wconf 83' lang='lat' dir='ltr'>men,</span> <span class='ocrx_word' id='word_1_235' title='bbox 232 3465 328 3550; x_wconf 87' lang='lat' dir='ltr'>longe</span> <span class='ocrx_word' id='word_1_236' title='bbox 351 3469 425 3528; x_wconf 88' lang='lat' dir='ltr'>ante</span> <span class='ocrx_word' id='word_1_237' title='bbox 448 3463 676 3546; x_wconf 81' lang='lat' dir='ltr'>rempublicam</span> <span class='ocrx_word' id='word_1_238' title='bbox 698 3465 900 3530; x_wconf 89' lang='lat' dir='ltr'>Ulmensium</span> <span class='ocrx_word' id='word_1_239' title='bbox 923 3461 1249 3544; x_wconf 82' lang='lat' dir='ltr'>nunccurrenten,i11</span> <span class='ocrx_word' id='word_1_240' title='bbox 1277 3500 1285 3516; x_wconf 61' lang='lat'><em>⁴</em></span> 
     </span>
    </p>
   </div>
   <div class='ocr_carea' id='block_1_4' title="bbox 36 3567 1250 3655">
    <p class='ocr_par' dir='ltr' id='par_1_4' title="bbox 36 3567 1250 3655">
     <span class='ocr_line' id='line_1_30' title="bbox 36 3567 1250 3655; baseline 0.003 -22"><span class='ocrx_word' id='word_1_241' title='bbox 36 3622 39 3628; x_wconf 95' lang='lat'><strong>.</strong></span> <span class='ocrx_word' id='word_1_242' title='bbox 127 3570 197 3634; x_wconf 88' lang='lat' dir='ltr'>aliis</span> <span class='ocrx_word' id='word_1_243' title='bbox 220 3571 346 3634; x_wconf 89' lang='lat' dir='ltr'>sedibus</span> <span class='ocrx_word' id='word_1_244' title='bbox 369 3570 465 3654; x_wconf 90' lang='lat' dir='ltr'>longe</span> <span class='ocrx_word' id='word_1_245' title='bbox 488 3569 663 3653; x_wconf 88' lang='lat' dir='ltr'>positarum</span> <span class='ocrx_word' id='word_1_246' title='bbox 685 3570 853 3655; x_wconf 90' lang='lat' dir='ltr'>regionum</span> <span class='ocrx_word' id='word_1_247' title='bbox 875 3570 1111 3637; x_wconf 86' lang='lat' dir='ltr'>consistentem</span> <span class='ocrx_word' id='word_1_248' title='bbox 1157 3572 1196 3636; x_wconf 86' lang='lat' dir='ltr'>Ilt</span> <span class='ocrx_word' id='word_1_249' title='bbox 1212 3567 1250 3630; x_wconf 86' lang='lat' dir='ltr'>d·</span> 
     </span>
    </p>
   </div>
   <div class='ocr_carea' id='block_1_5' title="bbox 127 3661 1250 3970">
    <p class='ocr_par' dir='ltr' id='par_1_5' title="bbox 127 3661 1250 3970">
     <span class='ocr_line' id='line_1_31' title="bbox 127 3661 1249 3780; baseline 0.001 -43"><span class='ocrx_word' id='word_1_250' title='bbox 127 3697 213 3738; x_wconf 92' lang='lat' dir='ltr'>mum</span> <span class='ocrx_word' id='word_1_251' title='bbox 236 3681 308 3758; x_wconf 87' lang='lat' dir='ltr'>post</span> <span class='ocrx_word' id='word_1_252' title='bbox 330 3676 462 3760; x_wconf 84' lang='lat' dir='ltr'>longam</span> <span class='ocrx_word' id='word_1_253' title='bbox 493 3681 525 3740; x_wconf 92' lang='lat' dir='ltr'>et</span> <span class='ocrx_word' id='word_1_254' title='bbox 557 3676 678 3759; x_wconf 84' lang='lat' dir='ltr'>variam</span> <span class='ocrx_word' id='word_1_255' title='bbox 699 3679 776 3739; x_wconf 79' lang='lat' dir='ltr'>rote</span> <span class='ocrx_word' id='word_1_256' title='bbox 807 3675 916 3739; x_wconf 87' lang='lat' dir='ltr'>fatalis</span> <span class='ocrx_word' id='word_1_257' title='bbox 949 3661 1177 3742; x_wconf 86' lang='lat' dir='ltr'>revolutionem</span> <span class='ocrx_word' id='word_1_258' title='bbox 1204 3668 1249 3780; x_wconf 70' lang='lat' dir='ltr'>suis¹</span> 
     </span>
     <span class='ocr_line' id='line_1_32' title="bbox 128 3775 1250 3864; baseline -0.002 -23"><span class='ocrx_word' id='word_1_259' title='bbox 128 3779 288 3843; x_wconf 87' lang='lat' dir='ltr'>natalibus</span> <span class='ocrx_word' id='word_1_260' title='bbox 312 3780 438 3845; x_wconf 89' lang='lat' dir='ltr'>sedibus</span> <span class='ocrx_word' id='word_1_261' title='bbox 461 3780 580 3864; x_wconf 88' lang='lat' dir='ltr'>privati</span> <span class='ocrx_word' id='word_1_262' title='bbox 595 3781 662 3845; x_wconf 88' lang='lat' dir='ltr'>Deo</span> <span class='ocrx_word' id='word_1_263' title='bbox 684 3779 871 3864; x_wconf 87' lang='lat' dir='ltr'>providente</span> <span class='ocrx_word' id='word_1_264' title='bbox 899 3779 999 3845; x_wconf 84' lang='lat' dir='ltr'>Ulmae</span> <span class='ocrx_word' id='word_1_265' title='bbox 1021 3781 1148 3847; x_wconf 89' lang='lat' dir='ltr'>civitati</span> <span class='ocrx_word' id='word_1_266' title='bbox 1169 3775 1250 3846; x_wconf 76' lang='lat' dir='ltr'>donat</span> 
     </span>
     <span class='ocr_line' id='line_1_33' title="bbox 128 3884 816 3970; baseline 0.004 -24"><span class='ocrx_word' id='word_1_267' title='bbox 128 3887 213 3961; x_wconf 85' lang='lat' dir='ltr'>sunt,</span> <span class='ocrx_word' id='word_1_268' title='bbox 237 3884 271 3947; x_wconf 94' lang='lat' dir='ltr'>in</span> <span class='ocrx_word' id='word_1_269' title='bbox 295 3885 384 3949; x_wconf 90' lang='lat' dir='ltr'>cuius</span> <span class='ocrx_word' id='word_1_270' title='bbox 407 3886 530 3970; x_wconf 91' lang='lat' dir='ltr'>gremio</span> <span class='ocrx_word' id='word_1_271' title='bbox 553 3886 648 3951; x_wconf 91' lang='lat' dir='ltr'>hodie</span> <span class='ocrx_word' id='word_1_272' title='bbox 669 3886 816 3950; x_wconf 86' lang='lat' dir='ltr'>resident.</span> 
     </span>
    </p>
   </div>
   <div class='ocr_carea' id='block_1_6' title="bbox 696 4037 713 4074">
    <p class='ocr_par' dir='ltr' id='par_1_6' title="bbox 696 4037 713 4074">
     <span class='ocr_line' id='line_1_34' title="bbox 696 4037 713 4074; baseline 0 0"><span class='ocrx_word' id='word_1_273' title='bbox 696 4037 713 4074; x_wconf 82' lang='grc'><em>*</em></span> 
     </span>
    </p>
   </div>
   <div class='ocr_carea' id='block_1_7' title="bbox 129 4137 1249 4476">
    <p class='ocr_par' dir='ltr' id='par_1_7' title="bbox 129 4137 1249 4476">
     <span class='ocr_line' id='line_1_35' title="bbox 204 4137 1248 4214; baseline 0.002 -18"><span class='ocrx_word' id='word_1_274' title='bbox 204 4146 212 4196; x_wconf 98' lang='lat' dir='ltr'>l</span> <span class='ocrx_word' id='word_1_275' title='bbox 236 4143 276 4198; x_wconf 91' lang='lat' dir='ltr'>De</span> <span class='ocrx_word' id='word_1_276' title='bbox 295 4145 546 4214; x_wconf 87' lang='lat' dir='ltr'>Echingerensibus</span> <span class='ocrx_word' id='word_1_277' title='bbox 559 4147 632 4202; x_wconf 88' lang='lat' dir='ltr'>Mon.</span> <span class='ocrx_word' id='word_1_278' title='bbox 651 4148 676 4198; x_wconf 81' lang='lat'>2.</span> <span class='ocrx_word' id='word_1_279' title='bbox 695 4144 763 4201; x_wconf 84' lang='lat' dir='ltr'>Gok.</span> <span class='ocrx_word' id='word_1_280' title='bbox 800 4146 816 4198; x_wconf 82' lang='lat'>2</span> <span class='ocrx_word' id='word_1_281' title='bbox 837 4137 1073 4213; x_wconf 79' lang='lat' dir='ltr'>llcquingerGolr.</span> <span class='ocrx_word' id='word_1_282' title='bbox 1094 4149 1165 4203; x_wconf 85' lang='lat' dir='ltr'>Bess.</span> <span class='ocrx_word' id='word_1_283' title='bbox 1189 4142 1248 4198; x_wconf 59' lang='lat' dir='ltr'>luise</span> 
     </span>
     <span class='ocr_line' id='line_1_36' title="bbox 129 4216 1249 4306; baseline 0 -24"><span class='ocrx_word' id='word_1_284' title='bbox 129 4231 246 4285; x_wconf 72' lang='lat' dir='ltr'>familie</span> <span class='ocrx_word' id='word_1_285' title='bbox 263 4231 349 4287; x_wconf 91' lang='lat' dir='ltr'>Wibl.</span> <span class='ocrx_word' id='word_1_286' title='bbox 403 4233 603 4302; x_wconf 85' lang='lat' dir='ltr'>3EgerWibl.</span> <span class='ocrx_word' id='word_1_287' title='bbox 622 4232 690 4288; x_wconf 82' lang='lat' dir='ltr'>Golr.</span> <span class='ocrx_word' id='word_1_288' title='bbox 704 4234 867 4300; x_wconf 84' lang='lat' dir='ltr'>(nonssess.)</span> <span class='ocrx_word' id='word_1_289' title='bbox 920 4232 990 4287; x_wconf 83' lang='lat' dir='ltr'>4de</span> <span class='ocrx_word' id='word_1_290' title='bbox 1008 4216 1249 4306; x_wconf 60' lang='lat' dir='ltr'>dgr-ambuletur</span> 
     </span>
     <span class='ocr_line' id='line_1_37' title="bbox 132 4308 1248 4390; baseline 0.006 -19"><span class='ocrx_word' id='word_1_291' title='bbox 132 4316 178 4371; x_wconf 92' lang='lat' dir='ltr'>eiu</span> <span class='ocrx_word' id='word_1_292' title='bbox 200 4319 230 4383; x_wconf 80' lang='lat' dir='ltr'>E)</span> <span class='ocrx_word' id='word_1_293' title='bbox 250 4318 294 4373; x_wconf 88' lang='lat' dir='ltr'>Kl.</span> <span class='ocrx_word' id='word_1_294' title='bbox 330 4319 365 4373; x_wconf 90' lang='lat' dir='ltr'>de</span> <span class='ocrx_word' id='word_1_295' title='bbox 383 4323 478 4388; x_wconf 84' lang='lat' dir='ltr'>Argen</span> <span class='ocrx_word' id='word_1_296' title='bbox 497 4320 549 4373; x_wconf 86' lang='lat' dir='ltr'>hat</span> <span class='ocrx_word' id='word_1_297' title='bbox 567 4318 666 4373; x_wconf 84' lang='lat' dir='ltr'>Schad.</span> <span class='ocrx_word' id='word_1_298' title='bbox 684 4318 843 4388; x_wconf 84' lang='lat' dir='ltr'>korrigiert.</span> <span class='ocrx_word' id='word_1_299' title='bbox 886 4320 920 4374; x_wconf 92' lang='lat' dir='ltr'>de</span> <span class='ocrx_word' id='word_1_300' title='bbox 946 4322 1021 4390; x_wconf 85' lang='lat' dir='ltr'>Agre</span> <span class='ocrx_word' id='word_1_301' title='bbox 1040 4321 1110 4378; x_wconf 73' lang='lat' dir='ltr'>Gols.</span> <span class='ocrx_word' id='word_1_302' title='bbox 1130 4322 1194 4378; x_wconf 74' lang='lat' dir='ltr'>Bes·</span> <span class='ocrx_word' id='word_1_303' title='bbox 1226 4308 1248 4362; x_wconf 70' lang='lat' dir='ltr'>Al</span> 
     </span>
     <span class='ocr_line' id='line_1_38' title="bbox 130 4405 1147 4476; baseline 0.007 -17"><span class='ocrx_word' id='word_1_304' title='bbox 130 4423 199 4474; x_wconf 83' lang='lat' dir='ltr'>egro</span> <span class='ocrx_word' id='word_1_305' title='bbox 219 4407 303 4461; x_wconf 91' lang='lat' dir='ltr'>Wibl.</span> <span class='ocrx_word' id='word_1_306' title='bbox 324 4406 445 4461; x_wconf 82' lang='lat' dir='ltr'>Schmid</span> <span class='ocrx_word' id='word_1_307' title='bbox 467 4409 549 4463; x_wconf 91' lang='lat' dir='ltr'>Woll.</span> <span class='ocrx_word' id='word_1_308' title='bbox 568 4405 621 4462; x_wconf 78' lang='lat' dir='ltr'>nl.</span> <span class='ocrx_word' id='word_1_309' title='bbox 657 4407 691 4461; x_wconf 93' lang='lat' dir='ltr'>de</span> <span class='ocrx_word' id='word_1_310' title='bbox 710 4424 778 4476; x_wconf 85' lang='lat' dir='ltr'>ergo</span> <span class='ocrx_word' id='word_1_311' title='bbox 798 4407 871 4463; x_wconf 91' lang='lat' dir='ltr'>Mon.</span> <span class='ocrx_word' id='word_1_312' title='bbox 890 4408 915 4461; x_wconf 82' lang='lat'>2.</span> <span class='ocrx_word' id='word_1_313' title='bbox 987 4407 1058 4465; x_wconf 73' lang='lat'>580</span> <span class='ocrx_word' id='word_1_314' title='bbox 1078 4411 1147 4466; x_wconf 81' lang='lat' dir='ltr'>ellel</span> 
     </span>
    </p>
   </div>
   <div class='ocr_carea' id='block_1_8' title="bbox 0 0 1416 4964">
    <p class='ocr_par' dir='ltr' id='par_1_8' title="bbox 0 0 1416 4964">
     <span class='ocr_line' id='line_1_39' title="bbox 0 0 1416 4964; baseline 0 0"><span class='ocrx_word' id='word_1_315' title='bbox 0 0 1416 4964; x_wconf 95' lang='lat' dir='ltr'> </span> 
     </span>
    </p>
   </div>
  </div>
 </body>
</html>
