2806 4964
668 287 732 352 220

122 463 325 547 reperiuntur
340 462 588 528 fortissimorum
611 485 786 540 murorum,
810 466 843 527 et
864 467 1093 546 consequenter
1116 463 1156 528 ad
1183 466 1274 547 oapui

123 569 205 634 Reni
236 569 276 633 ab
306 568 357 634 his
388 568 575 653 prodierunt
606 567 729 632 nobiles
751 565 857 633 Suevi.
903 565 984 634 Gum
1016 568 1067 633 his
1091 573 1185 633 erant
1207 569 1274 633 duae

122 674 290 760 praeoipuae
313 674 534 760 generationes
557 674 595 740 de
611 673 789 758 Columpna
811 677 843 739 et
864 675 902 740 de
925 672 1060 740 Ursinis.
1084 697 1158 740 oum
1182 675 1274 740 simul

121 780 335 865 loquebantur
357 778 462 845 Iulioi
486 802 557 845 oum
581 778 807 860 Theutoniois‚
839 778 1026 845 dicebantur
1048 779 1242 846 Onrwalhen
1254 782 1273 847 ¹.

122 883 198 950 Filii
215 888 321 950 autem
333 884 480 951 Curionis
498 885 735 950 aedificaverunt
743 885 1008 951 'Starokenweroh
1021 883 1033 922 ¹
1049 885 1100 951 vel
1115 885 1274 952 Montfori

122 995 154 1055 et
165 989 306 1056 Lukireh
317 994 376 1055 eie.
405 990 449 1055 Et
461 990 524 1055 alia
537 990 629 1075 plura
640 991 847 1056 nominantur
864 991 898 1055 in
909 990 1046 1056 hisioria
1057 1014 1114 1075 per
1128 990 1273 1078 longum,

123 1117 193 1180 quae
216 1096 378 1161 commode
399 1095 506 1181 legere
529 1096 647 1180 poteris
670 1095 704 1161 in
727 1096 790 1162 alio
813 1095 896 1162 libro
919 1097 963 1162 fo.
989 1097 1051 1162 163
1065 1095 1089 1162 ³.

689 1239 707 1280 ἸΙ

194 1348 206 1400 1
228 1349 256 1402 et
273 1347 316 1402 ita
334 1347 439 1402 vallem
456 1347 544 1414 illam,
564 1365 614 1418 per
631 1366 716 1419 quam
731 1348 844 1403 Rhenus
858 1347 963 1413 defluit,
981 1349 1073 1418 primo
1086 1349 1272 1419 repleverunt.

122 1437 151 1490 et
169 1434 237 1504 quia
265 1436 360 1491 autem
384 1435 478 1490 Italici
507 1437 629 1492 fuerunt.
667 1438 696 1491 et
722 1435 900 1492 Theutonioia
919 1453 993 1491 nuno
1010 1436 1178 1507 propinqui,
1203 1455 1270 1494 oom-

122 1521 234 1576 mixtim
262 1523 449 1593 loquebantur
474 1524 602 1580 italicum
621 1542 684 1580 oum
709 1525 879 1582 theutonico.
916 1524 981 1580 Ideo
1005 1541 1102 1581 eorum
1119 1524 1224 1581 locutio
1245 1528 1270 1580 et

124 1612 205 1665 terra
223 1610 326 1666 dieitur
344 1611 510 1667 curwalhen
528 1613 602 1668 Mon,
620 1615 642 1668 1.
656 1613 717 1668 Soh.
728 1612 808 1669 Gold.
845 1612 1043 1668 Kurwalsohe?
1062 1613 1270 1668 Churwalsohe?

124 1697 366 1769 2Siarokenberg
385 1699 458 1754 Mon.
483 1701 506 1754 1.
533 1698 594 1754 Seh.
622 1699 702 1756 Gold.
720 1701 760 1754 ut.
814 1700 1042 1756 Starckenweroh
1069 1701 1121 1756 hai
1150 1702 1221 1758 Mon.
1247 1701 1267 1756 2.

121 1785 138 1841 3
156 1784 213 1839 Daa
232 1784 303 1840 citat
320 1788 400 1856 passi
417 1804 456 1840 au.
470 1786 543 1842 Mon.
565 1789 587 1842 1.
