2806 4964
677 364 718 430 56

123 543 224 620 verit,
258 538 482 625 perpendens1
515 562 579 605 non
613 539 788 618 notaverit,
827 539 881 604 sed
915 540 948 605 in
977 562 1034 604 sua
1055 537 1279 605 maledictione

124 647 272 712 ceciderit
287 651 319 711 et
345 646 544 728 expiraverit,
569 649 647 729 puto
663 646 747 730 quod
763 645 1010 730 irregularitatis
1026 649 1104 710 nota
1127 646 1278 711 clericum
1329 689 1333 698 -

124 774 324 837 nequaquam
348 755 480 835 tangere
502 750 630 832 poterit.
678 749 753 814 Plus
778 753 825 814 est
849 754 955 814 autem
987 750 1071 834 quod
1093 749 1277 814 huiusmodi

123 856 266 921 custodia
288 855 408 920 clericis
424 855 647 932 demandatur,
677 877 772 938 quam
796 855 879 938 quod
904 854 1091 938 simpliciter
1126 856 1277 919 concede-

123 965 211 1026 retur
235 964 307 1041 (art.
344 961 384 1024 14
420 960 437 1042 ἓ
464 963 476 1021 l
513 960 597 1044 quod
632 961 815 1044 praecipitur
846 959 884 1024 de
913 960 1083 1025 verborum
1114 960 1277 1046 significa-

123 1067 225 1144 tione,
255 1066 288 1129 iu
312 1065 375 1129 hiis
397 1066 469 1130 vide
492 1065 529 1130 de
551 1065 628 1143 hoc,
653 1069 750 1149 prout
779 1065 898 1150 legitur
921 1069 954 1130 et
975 1068 1108 1130 notatur
1132 1067 1166 1130 in
1189 1088 1217 1130 c.
1241 1066 1277 1130 de

122 1172 173 1235 his
194 1171 315 1235 clericis
338 1172 393 1255 qui
417 1220 425 1234 .
451 1220 457 1233 .
482 1218 508 1246 .‚
537 1174 569 1234 et
596 1169 767 1235 Heinricus
796 1169 902 1235 Bart²
933 1169 987 1256 [de
1018 1170 1274 1254 Bartholomaeis]

122 1276 156 1339 in
179 1297 245 1358 cap.
279 1276 326 1339 ita
360 1275 558 1360 quorundam
589 1275 626 1339 de
660 1276 803 1340 iudaeis.
828 1276 860 1360 .).
916 1275 1016 1340 Porro
1053 1277 1215 1361 quomodo
1246 1279 1278 1341 et

122 1381 249 1464 quando
272 1379 403 1444 clericus
427 1379 585 1444 efficiatur
612 1380 797 1464 irregularis
827 1380 861 1443 in
892 1379 1063 1445 homicidio
1095 1380 1149 1446 vel
1178 1381 1277 1446 muti-

122 1485 241 1550 latione
263 1486 297 1548 in
320 1486 425 1564 bello,
459 1486 529 1550 vide
551 1486 585 1549 in
608 1508 732 1550 summa
755 1486 913 1551 Antonini
935 1489 1026 1570 parte
1049 1485 1078 1563 3,
1102 1487 1202 1551 titulo
1225 1487 1275 1563 28,

123 1611 191 1674 cap.
215 1592 245 1668 2,
270 1591 288 1673 ᾖ
312 1591 332 1655 6
355 1596 387 1655 et
411 1591 439 1655 7.
486 1591 531 1655 nt
554 1613 652 1675 quare
674 1592 795 1656 clericis
818 1592 856 1656 de
879 1592 948 1656 iure
970 1591 1133 1655 communi
1155 1590 1275 1655 bellare

123 1695 301 1773 nonlicet,
332 1699 363 1760 et
391 1696 418 1759 si
442 1696 533 1761 bellis
556 1697 710 1763 interesse
733 1697 901 1781 contingat
924 1695 1001 1780 quid
1023 1696 1069 1760 ibi
1092 1695 1200 1761 facere
1223 1697 1276 1761 de·

122 1800 229 1880 beant,
251 1800 322 1865 vide
344 1801 420 1866 ibid.
445 1802 540 1867 titulo
563 1802 593 1881 4,
617 1787 685 1885 cap.
709 1801 740 1877 2,
765 1801 783 1883 ᾖ
808 1802 828 1864 6
851 1805 883 1865 et
908 1801 936 1865 7.
969 1799 1035 1864 -Sic
1058 1821 1136 1885 ergo
1161 1801 1273 1866 civitas

123 1909 155 1970 et
184 1907 393 1971 communitas
425 1907 575 1971 ulmensis
606 1906 645 1970 ad
675 1903 803 1969 modurn
827 1904 1045 1970 Romanorum
1068 1906 1276 1990 antiquorum

123 2011 300 2092 sacerdotes
315 2012 413 2076 habet
427 2033 485 2095 pro
501 2033 565 2075 suae
581 2009 762 2094 reipublicae
777 2010 862 2075 felici
878 2015 1060 2095 augmento,
1085 2010 1142 2094 qui
1168 2015 1275 2077 tamen

123 2118 360 2182 communitatis
382 2118 525 2182 membra
547 2139 612 2181 non
635 2119 719 2194 sunt,
742 2137 799 2180 nec
815 2116 854 2179 ad
869 2138 962 2180 usum
984 2137 1187 2182 communem
1204 2140 1277 2182 con·

123 2227 265 2300 currunt,
289 2223 343 2287 sed
365 2222 450 2286 inter
474 2221 576 2288 Deum
599 2226 631 2286 et
653 2222 806 2306 populum
823 2222 972 2286 libertate
987 2223 1140 2306 gaudent,
1166 2229 1200 2288 et
1216 2246 1276 2288 non

123 2328 205 2392 cives
228 2328 283 2393 sed
306 2329 377 2412 plus
400 2332 432 2391 et
455 2351 552 2412 supra
573 2327 658 2392 cives
681 2331 766 2391 sunt.

639 2533 706 2603 Gap.
732 2535 757 2588 2.

390 2658 449 2723 De
483 2659 727 2724 nobilibus
759 2659 803 2723 in
838 2657 1002 2724 Ulma³.
1112 2664 1120 2681 '

211 2850 346 2916 Secundi
369 2851 402 2914 in
427 2851 537 2915 ordine
559 2851 645 2915 civili
668 2851 702 2915 in
723 2851 869 2917 Ulmensi
891 2853 1020 2918 civitate
1043 2859 1120 2918 sunt
1141 2854 1275 2929 nobiles,

124 2957 220 3020 armis
242 2956 401 3021 civitatem
427 2960 629 3041 protegentes
652 2961 684 3021 et
705 2958 776 3020 iura
798 2958 865 3021 eius
889 2958 929 3022 ab
944 2959 1147 3024 invasoribus
1165 2960 1275 3025 defen·

124 3060 240 3125 dentes.
285 3060 337 3125 Ab
360 3061 493 3144 antiquo
516 3061 600 3125 enim
624 3059 790 3126 Ulmenses
820 3067 1051 3128 consueverunt
1083 3064 1205 3130 habere
1226 3065 1276 3129 in-

123 3165 229 3250 signes
246 3171 277 3231 et
293 3188 462 3252 generosos
478 3167 572 3245 virosi,
596 3188 710 3251 genere
726 3168 838 3242 claros,
863 3168 958 3231 armis
974 3168 1094 3246 doctoS,
1114 3170 1276 3252 probitate

123 3269 272 3350 famosos
298 3271 351 3355 qui
376 3269 604 3354 rempublicam
629 3273 726 3336 armis
750 3277 782 3336 et
804 3273 897 3337 bellis
912 3272 1012 3337 tutati
1028 3278 1113 3350 sunt,
1138 3297 1275 3359 quorum

122 3397 186 3439 non
210 3375 313 3438 solum
344 3374 528 3439 animositas
562 3380 594 3440 et
616 3375 781 3461 ingenium
812 3382 932 3441 metum
960 3378 1095 3443 incussit
1125 3378 1274 3455 inimicis,

123 3479 176 3542 sed
200 3479 302 3563 magis
325 3479 450 3565 generis
466 3480 594 3544 claritas
611 3485 643 3545 et
658 3504 782 3546 morum
798 3482 951 3565 probitas.
997 3482 1175 3568 Nunquam
1191 3484 1274 3549 enim

123 3585 228 3647 conati
251 3589 326 3649 sunt
340 3584 507 3649 Ulmenses
529 3609 619 3650 suam
642 3587 871 3670 rempublicam
885 3588 968 3652 tueri
985 3593 1041 3652 aut
1056 3611 1177 3674 augere
1191 3589 1275 3654 furia

123 3688 328 3766 rusticorum,
352 3695 408 3753 aut
423 3691 546 3755 saevitia
561 3691 823 3773 latrunculorum,
848 3699 904 3757 aut
927 3694 1113 3778 ignotarum
1128 3696 1274 3780 gentium

123 3790 373 3872 inhumanitate,
410 3800 466 3859 aut
496 3819 756 3882 quorumcunque
779 3799 923 3877 aliorum,
948 3798 1091 3882 quinon
1114 3800 1275 3865 aestimant

123 3896 298 3975 victoriam,
323 3899 384 3963 nisi
407 3900 552 3965 homines
575 3903 814 3986 prostraverint,
838 3909 871 3967 et
891 3903 1015 3988 gladios
1042 3906 1201 3990 sanguine
1226 3888 1274 3969 iu·

686 4063 704 4101 *

195 4169 208 4220 1
229 4169 285 4222 alle
302 4168 342 4221 hs.
356 4169 446 4223 haben
460 4169 590 4236 pendens,
609 4187 662 4222 nur
674 4168 760 4222 Wibl.
778 4169 830 4222 hat
843 4169 1025 4240 perpendens.
1061 4173 1078 4224 2
1098 4173 1128 4226 et
1146 4172 1187 4227 hs.
1207 4173 1272 4227 bart

125 4256 196 4311 Mon.
210 4257 234 4309 2.
254 4259 282 4310 et
295 4254 440 4310 Heinricus
452 4255 521 4309 Bart
534 4257 620 4310 Wibl.
651 4259 680 4310 et
695 4257 804 4311 Henric.
819 4257 881 4312 Boit
894 4257 963 4313 Golr.
976 4257 1049 4314 Bess.
1081 4261 1111 4314 et
1124 4260 1273 4315 Heinricus

124 4342 186 4397 Boit
205 4342 304 4399 Schad.
324 4344 366 4399 Kl.
404 4346 420 4397 3
441 4344 466 4396 ll
485 4343 551 4398 ordo
563 4343 660 4413 populi
674 4344 812 4398 Vlmensis
826 4345 895 4400 Golr.
915 4345 988 4400 Besa.
1007 4362 1053 4400 am
1072 4348 1170 4402 rande.
1208 4348 1274 4402 Hier

123 4430 188 4498 fuga
207 4432 291 4485 Wibl.
311 4433 356 4486 ein
375 4433 428 4486 den
446 4430 598 4486 deutschen
618 4432 848 4501 »Adlungsbrieff
865 4432 959 4488 Caroli
979 4433 1003 4487 V
1022 4451 1098 4490 anno
1116 4435 1176 4490 52.‹
