2806 4964
679 288 800 354 10.

122 464 309 529 conticescet
341 464 524 547 posteritas.
578 463 616 529 In
650 464 719 529 loco
747 487 821 529 vero
854 465 1010 528 combusti
1042 464 1154 547 templi
1185 466 1275 531 aliud

50 613 51 616 κ
121 568 324 653 praestantius
347 568 501 652 templum
537 572 799 648 construxerunt,
831 569 870 633 ad
892 568 981 632 cuius
1004 570 1147 634 decorem
1170 575 1275 634 secta-

120 673 213 737 trices
228 673 255 736 ¹‚
280 672 515 737 Amazonarum
553 674 679 738 feminae
712 678 899 739 ornamenta
931 697 988 738 sua
1022 674 1209 739 obtulerunt
1240 680 1274 740 et

122 777 396 861 opulentissimum
420 777 542 842 factum
557 776 629 842 fuit.
676 777 750 843 Non
766 778 870 844 solum
887 784 993 844 autem
1008 781 1042 843 in
1059 780 1136 844 Asia
1152 779 1275 845 cultum

123 883 236 948 Dianae
262 882 435 948 Amazones
450 883 653 963 induxerunt,
678 886 731 948 sed
748 885 781 948 in
794 885 916 949 cunctis
931 885 1009 949 locis
1024 884 1108 949 bello
1124 883 1274 964 obtentis

122 988 205 1052 unde
227 972 355 1052 domata
377 987 457 1051 Asia
481 988 644 1071 Europam
667 994 783 1073 petunt
813 994 846 1055 et
873 991 1022 1056 florentes
1044 990 1273 1070 Macedoniam,

122 1093 302 1178 Illyricum,
334 1093 532 1158 Pannoniam
556 1095 743 1175 devastant,
775 1098 807 1160 et
836 1096 909 1160 inde
941 1095 1113 1179 penetratis
1137 1093 1275 1180 Alpibus

124 1199 279 1283 usquein
303 1195 451 1264 Sueviam
479 1206 691 1284 pervenerunt
721 1206 753 1266 et
785 1201 1023 1266 Vindelicorum
1057 1201 1168 1266 urbem
1190 1223 1276 1265 nunc

127 1304 308 1390 Augustam
331 1305 365 1367 in
388 1327 478 1369 suam
495 1306 685 1390 redegerunt
700 1309 902 1390 potestatem,
927 1310 963 1369 ut
983 1305 1120 1370 eiusdem
1136 1306 1258 1370 civitat'

123 1409 256 1474 oronioae
289 1411 410 1474 docent.
455 1408 671 1494 Peruagantes
702 1414 809 1475 autem
839 1410 1001 1494 praedandi
1036 1433 1130 1474 causa
1152 1409 1275 1476 Sueviae

125 1514 279 1579 viciniora
301 1515 369 1579 loca
392 1537 464 1579 cum
486 1537 597 1580 nemus
613 1514 773 1579 ulmorum
796 1517 830 1579 in
853 1516 922 1580 loco
938 1515 993 1580 ubi
1009 1538 1094 1580 nunc
1116 1521 1163 1580 est
1178 1515 1276 1581 Ulma

69 1695 72 1701 ἡ
124 1618 336 1697 invenissent,
360 1641 425 1684 suae
448 1619 667 1704 superstitioni
690 1643 801 1684 nemus
829 1620 909 1684 illud
933 1620 1133 1704 aptissimum
1155 1621 1274 1685 iudica-

124 1727 248 1802 verunt,
272 1745 408 1808 moxque
430 1747 502 1789 eum
518 1724 630 1789 Dianae
654 1729 927 1805 consecraverunt,
951 1725 1058 1789 lucum
1073 1725 1274 1790 tenebrosum

126 1832 354 1906 consecrantes,
378 1830 534 1914 templum
556 1830 763 1915 erigenteset
778 1830 994 1896 eunuchantes
1010 1832 1048 1895 ad
1064 1831 1276 1896 sacerdotium

126 1933 221 2012 viros,
245 1932 363 2018 quibus
386 1935 498 1999 choros
521 1935 683 2020 virginum
707 1935 920 2019 adjunxerunt
938 1937 1033 2020 juxta
1054 1936 1153 2000 ritum
1173 1936 1275 2001 cultus

126 2037 248 2102 Dianae.
283 2037 417 2122 insuper
432 2038 658 2126 Nympharum
673 2045 846 2106 sacratam
857 2042 952 2125 juxta
973 2041 1106 2105 flumina
1120 2041 1275 2121 coeuntia,

128 2166 224 2227 quam
246 2166 335 2208 secus
357 2144 497 2209 fontium
519 2167 669 2210 cavernas
701 2152 733 2210 et
755 2145 865 2210 latices
888 2146 922 2210 in
951 2145 1085 2210 ulmerio
1117 2146 1173 2210 illo
1197 2146 1276 2212 cele-

126 2248 274 2328 brabant,
299 2254 330 2313 et
352 2247 471 2314 Suevos
495 2255 603 2335 captos
626 2251 660 2315 in
682 2250 762 2316 lucis
785 2257 817 2316 et
840 2250 1032 2316 umbraculis
1062 2251 1096 2314 in
1128 2252 1178 2315 sui
1201 2273 1275 2317 con.-

126 2353 270 2440 cubitum
292 2354 490 2434 invitabant,
514 2359 551 2419 ut
574 2355 732 2439 conceptis
755 2355 887 2421 foetibus
909 2357 943 2418 in
971 2378 1043 2420 suas
1066 2356 1276 2441 remigrarunt

128 2458 226 2524 sedes.
265 2459 382 2544 Ingens
398 2459 462 2524 illis
477 2457 694 2525 Amazonibus
709 2483 785 2524 cura
800 2465 868 2525 erat
881 2460 992 2525 Dianae
1008 2464 1041 2526 et
1051 2459 1276 2546 Nympharum

130 2564 283 2630 celebrem
306 2564 455 2648 perficere
482 2565 580 2630 ritum
613 2569 645 2630 et
677 2588 793 2653 augere
825 2567 947 2632 cultum
978 2566 1137 2650 praecipue
1168 2566 1203 2630 in
1234 2568 1277 2631 eis

130 2670 206 2735 locis
230 2669 306 2733 ritui
330 2671 423 2754 aptis,
447 2670 509 2736 nisi
532 2671 617 2736 enim
639 2669 700 2736 hoc
723 2675 871 2756 agerent,
894 2693 1114 2756 nequaquam,
1148 2675 1186 2737 ut
1210 2672 1278 2756 opi·
1315 2724 1318 2728 .

130 2774 297 2852 nabantur,
323 2779 424 2839 terras
447 2775 610 2860 subjicere,
634 2775 761 2859 reginas
784 2774 943 2859 praeficere
966 2776 1073 2862 regnis
1088 2776 1276 2860 potuissent.

131 2878 178 2944 Ut
201 2882 307 2943 autem
330 2864 501 2963 perhennis
525 2885 667 2944 maneret
698 2881 733 2943 in
755 2880 824 2944 loco
855 2879 1005 2946 inchoata
1035 2880 1165 2967 religio,
1201 2882 1277 2945 civi-

129 2988 228 3049 tatem
263 2982 309 3048 ibi
346 2984 579 3065 fundaverunt,
616 2986 832 3070 rehnquentes
861 2987 889 3050 ei
922 3008 1038 3050 nornen
1064 2985 1230 3070 proprium
1261 3008 1280 3049 a

128 3089 257 3153 nornine
272 3089 453 3173 appelativo
469 3090 530 3155 loci
545 3097 577 3155 et
593 3089 753 3156 arborum.
789 3089 914 3155 Harum
928 3089 1119 3156 feminarum
1136 3091 1278 3175 regimen

130 3199 204 3260 ante
226 3199 371 3278 tempora
394 3193 535 3260 Abrahae
558 3196 678 3279 incepit
710 3200 742 3260 et
773 3219 872 3280 usque
900 3198 939 3262 ad
963 3197 1136 3261 Alexandri
1169 3195 1279 3281 magni

130 3304 274 3384 tempora
296 3300 431 3388 duravit.
479 3300 524 3364 nt
545 3300 752 3367 nihilominus
777 3300 943 3366 debilitato
976 3307 1008 3366 et
1031 3302 1139 3366 sedato
1167 3324 1277 3366 earum

129 3428 223 3470 cursu
246 3428 303 3489 per
324 3406 487 3486 mundum,
511 3407 665 3471 ininsula
682 3407 819 3491 quadam
835 3429 935 3491 usque
951 3411 1095 3492 tempora
1111 3406 1279 3471 clarissimi

129 3508 242 3575 Arturi
267 3511 350 3595 regis
374 3510 560 3591 Britonum,
594 3512 649 3596 qui
682 3510 746 3576 fuit
776 3516 848 3597 post
877 3513 996 3577 domini
1027 3511 1279 3576 incarnationem

130 3617 371 3701 quadringentis
401 3617 564 3703 octoginta
595 3640 709 3683 novem
731 3618 822 3682 annis
838 3615 870 3697 ²,
905 3618 1099 3683 duraverunt
1130 3620 1162 3681 et
1194 3615 1278 3680 forte

129 3718 224 3784 hodie
246 3720 430 3804 perdurant.
477 3720 528 3785 Ad
544 3723 664 3786 curiam
680 3721 763 3786 enim
781 3722 908 3806 praefati
928 3722 1013 3809 regis
1028 3721 1278 3786 formosissimus

131 3824 219 3889 venit
241 3825 364 3890 iuvenis
388 3827 547 3891 enutritus
569 3828 654 3892 inter
673 3827 851 3892 Amazonas
873 3850 931 3912 pro
954 3827 1083 3892 femella
1105 3849 1161 3910 per
1184 3827 1279 3911 quin·

132 3929 232 3995 decim
255 3952 355 3995 annos
367 3929 393 4011 ³,
415 3931 469 3996 sed
485 3932 560 3996 dum
575 3931 671 3996 celari
686 3932 823 4016 amplius
839 3955 931 3998 sexus
946 3954 1011 4005 non
1026 3936 1143 4016 posset,
1160 3932 1278 4016 ejectus

696 4099 712 4136 ‘l‘

203 4195 214 4246 l
240 4191 401 4247 factatrIces
427 4193 501 4249 Mon.
532 4195 556 4247 2.
584 4193 644 4248 Sch.
673 4193 732 4261 Kl,
759 4196 910 4251 sectatores
936 4195 1143 4250 Amazonamm
1169 4194 1280 4248 femina

131 4280 206 4337 Mon.
224 4282 249 4335 2.
320 4280 408 4335 2489
426 4280 508 4334 annis
526 4281 600 4337 Mon.
618 4280 644 4337 2.
680 4283 752 4337 Bess.
808 4281 906 4337 3Wio
923 4280 1003 4337 heisst
1021 4281 1110 4336 dieser
1125 4281 1280 4352 jtingling?

99 4406 101 4411 -
132 4366 281 4424 Parcival?
299 4367 413 4424 Tristan
431 4367 497 4425 oder
515 4368 638 4436 Gawein,
657 4370 709 4425 wia
727 4370 772 4425 ein
790 4369 932 4441 gelehrter
950 4368 1110 4424 vermutett
