2798 4950
750 330 791 394 18

194 504 250 589 qui
273 527 293 568 a
314 503 381 568 suis
402 504 654 568 anteoessoribus
676 505 857 583 audierunt,
880 527 938 569 neo
958 505 1071 570 obviat
1092 505 1247 583 obiectio,
1283 527 1345 589 qna

193 611 265 694 quis
285 611 390 675 dioere
412 615 529 693 met,
551 608 681 674 Judaeos
703 610 839 694 praefato
861 615 1005 696 tempore
1019 610 1159 674 noudum
1175 610 1275 674 fuisse
1290 632 1344 694 per

194 713 304 778 Titum
334 719 368 780 et
390 712 624 798 Vespasianum
652 715 829 799 dapem,
862 716 947 800 quod
979 738 1089 779 verum
1117 720 1182 789 est,
1215 713 1371 802 fuerant·

194 823 301 883 tamen
324 824 400 884 ante
421 842 506 904 sape
528 819 662 903 dispersi
684 822 719 882 in
733 842 843 884 omnes
858 821 1014 906 regiones,
1036 826 1070 884 et
1083 819 1214 904 qnidam
1234 841 1343 882 eorum

194 925 289 989 etism
313 925 444 991 lieentia
466 923 580 988 habita
600 923 751 988 redeundi
772 924 807 986 in
829 928 949 988 terram
970 947 1071 1002 suam,
1094 923 1256 1000 nolebant,
1280 924 1342 986 ita-
1382 1003 1385 1014 Ι

194 1051 257 1115 que
279 1053 402 1116 semper
425 1035 611 1096 manserunt
626 1052 683 1114 per
697 1030 844 1116 regiones
857 1029 973 1109 ,Iudaei
995 1036 1028 1095 et
1041 1031 1136 1094 hodie
1154 1030 1182 1092 si
1198 1028 1343 1092 lieentia·

194 1142 305 1201 rentur
327 1138 432 1202 redire
452 1136 720 1221 «iherosolymam,
744 1136 874 1220 plurimi
896 1139 925 1200 si
946 1138 993 1201 eis
1015 1137 1104 1220 optio
1125 1136 1271 1213 daretur,
1295 1155 1344 1197 re-

195 1247 362 1307 manerent
384 1242 435 1307 rel
457 1247 644 1320 remearent,
668 1243 745 1327 quia
759 1242 900 1319 divitias,
923 1265 1003 1326 quas
1018 1242 1072 1305 hic
1087 1240 1257 1324 possident,
1280 1260 1344 1301 non

193 1335 380 1431 reperirent,
403 1348 487 1411 unde
509 1369 593 1430 saepe
607 1351 682 1430 post
695 1347 930 1411 revocationem
945 1369 1056 1410 eorum
1070 1346 1104 1410 in
1119 1351 1238 1409 terram
1253 1365 1344 1407 sanc-

194 1455 260 1516 tam
282 1457 397 1536 sponte
420 1453 582 1516 redieruut
604 1453 638 1515 in
661 1457 773 1530 terras,
796 1454 829 1516 in
854 1453 970 1537 quibus
992 1453 1061 1516 nati
1082 1451 1221 1514 fuerant

281 1556 413 1622 Sextum
437 1558 565 1642 signum
589 1557 793 1642 antiquitatis
815 1557 955 1621 civitatis
979 1555 1138 1622 Ulmensis
1168 1559 1218 1618 est
1242 1555 1344 1617 maui-

193 1661 411 1726 festissimum.
457 1660 542 1726 Nam
565 1660 706 1725 Karolus
728 1683 864 1746 maguus
887 1662 942 1746 qui
972 1661 1038 1724 fuit
1059 1661 1143 1724 cirea
1165 1682 1266 1723 annos
1288 1659 1345 1722 do-

195 1767 273 1831 mini
296 1768 515 1852 octingentos,
537 1767 671 1830 donarit
692 1767 834 1852 regalem
856 1766 967 1830 villam
998 1764 1129 1830 Ulmam
1151 1765 1342 1828 monasterio

194 1870 293 1936 Owiae
314 1877 347 1937 et
369 1873 530 1936 santiam
562 1872 653 1956 quasi
676 1871 871 1956 septingenti
893 1872 979 1934 anui.
1003 1869 1209 1934 Manifestum
1239 1873 1343 1932 autem

194 1983 243 2042 est
264 1976 394 2042 Ulmam
419 1983 494 2041 ante
516 1976 673 2041 Karolum
695 1977 793 2041 fuisse
823 1977 944 2060 aliquid
977 1975 1106 2060 magni,
1138 1996 1202 2038 non
1236 1973 1342 2037 villam

196 2083 254 2146 illo
277 2083 370 2146 modo
393 2082 511 2146 dictam
541 2082 624 2146 sicut
654 2100 713 2144 nos
743 2081 905 2165 loquimur
938 2081 977 2144 de
1008 2080 1112 2157 villis,
1143 2079 1342 2142 nominantes

196 2187 289 2251 villas
311 2186 380 2251 sine
401 2187 501 2250 muris
523 2187 712 2250 stramineos
734 2185 960 2264 habitationes,
983 2185 1037 2248 sed
1059 2187 1155 2267 prout
1170 2182 1287 2247 Franci
1309 2188 1341 2247 et

195 2291 278 2356 Galli
302 2292 477 2377 loquuntur
505 2292 544 2355 de
566 2292 667 2369 villis,
699 2291 755 2374 qui
780 2291 936 2354 maximas
959 2291 1053 2353 urbes
1075 2293 1108 2353 et
1128 2287 1342 2352 munitissima

194 2399 311 2482 oppida
333 2397 426 2462 villas
448 2396 621 2481 appellant,
644 2400 677 2460 et
698 2396 760 2459 hoo
781 2396 928 2459 innuitur
949 2417 1021 2458 cum
1036 2396 1069 2458 iu
1084 2393 1242 2457 Karoliua
1261 2415 1342 2476 prae·

193 2503 279 2567 dieta
301 2501 486 2567 nominatur
507 2499 586 2566 villa
608 2500 736 2586 regalia.

280 2606 422 2692 Septima
443 2607 527 2671 ratio
550 2592 736 2689 ponitur'in
757 2611 900 2689 tempore
922 2604 1167 2668 constructionis
1185 2604 1343 2687 parochias

196 2713 236 2777 ad
260 2735 368 2778 omnes
391 2717 526 2777 sanctos.

283 2817 404 2882 Errant
426 2839 503 2901 ergo
525 2817 574 2880 illi
596 2817 651 2900 qui
670 2814 797 2880 Ulmum
821 2819 938 2898 putant
954 2837 1022 2879 esse
1038 2836 1154 2878 novam
1170 2814 1341 2891 civitatem,

194 2944 267 2986 eum
288 2923 399 2986 multis
421 2921 581 2985 veteribus
604 2921 648 2984 sit
669 2921 834 3000 vetustior,
857 2926 894 2983 ut
917 2924 1006 3004 patet
1027 2920 1066 2983 de
1088 2919 1240 3005 Eslinga,
1272 2939 1342 3003 quae

195 3027 329 3110 antiqua
350 3031 518 3110 reputatur
533 3025 657 3105 civitas,
679 3048 777 3109 quam
792 3030 900 3089 tamen
916 3025 1094 3090 Friderious
1110 3025 1232 3109 primus
1252 3044 1340 3087 muro

195 3132 305 3210 cinxit,
329 3132 384 3216 qui
408 3132 503 3217 louge
524 3136 598 3215 post
618 3130 776 3194 Karolum
798 3151 952 3214 magnum
975 3130 1046 3194 fuit.

282 3237 443 3303 Ultimum
466 3237 593 3322 signum
608 3237 778 3301 vetustatis
800 3236 868 3300 eius
883 3241 933 3300 eat
946 3237 1058 3299 modus
1073 3240 1243 3299 struoturae
1265 3234 1341 3310 eius,

195 3365 270 3406 nam
293 3342 434 3425 antiquae
456 3342 601 3405 civitates
624 3341 658 3404 in
678 3340 832 3405 circulum
856 3339 1095 3404 aedificabantur
1116 3345 1149 3403 et
1164 3339 1272 3403 omnia
1292 3343 1343 3400 tu·

195 3448 356 3512 multuosa
377 3451 469 3512 extra
491 3447 585 3510 urbes
607 3446 821 3530 gerebantur,
851 3450 883 3509 et
905 3467 962 3528 per
984 3447 1091 3509 omnia
1113 3446 1158 3508 sie
1180 3448 1250 3508 erat
1273 3466 1343 3507 cum

196 3555 329 3638 antiqua
351 3552 458 3632 Ulmo,
482 3557 518 3616 ut
540 3552 809 3636 exsequentibus
831 3551 964 3634 patebit.
