2806 4964
673 319 716 386 48

117 500 230 559 zantur
245 497 301 561 illa
316 520 386 582 quae
402 500 441 563 ad
456 498 667 563 incensionem
686 498 933 563 bombardorum
945 495 1128 580 exiguntur.
1168 493 1272 576 Supra

117 601 332 665 molendinum
354 602 433 666 illud
457 607 532 667 sunt
555 605 624 668 duae
648 614 734 668 arces
756 626 820 667 non
843 603 980 667 multum
1004 623 1023 664 a
1045 622 1079 664 se
1102 599 1269 677 distantes,

118 711 229 771 contra
251 709 501 773 candidatorium
524 710 736 793 respicientes,
760 709 876 772 directe
899 729 915 771 e
938 705 1069 790 regione
1090 705 1269 781 domorum,

118 833 189 895 quae
204 812 327 876 suntin
343 815 568 879 candidatorio
607 814 644 879 In
661 815 720 879 hoc
736 813 953 879 candidatorio
965 814 1147 876 tractantur
1159 809 1269 873 aestivo

118 923 269 1002 tempore,
293 924 329 983 ut
350 922 500 1003 praemisi,
523 921 621 1004 panni
644 922 677 985 in
701 925 793 985 tanta
815 916 1035 995 multitudine,
1059 918 1097 979 ut
1119 936 1269 978 numerus

118 1024 152 1088 in
169 1024 378 1089 aestimatione
393 1027 559 1112 sexaginta
576 1026 666 1090 milia
681 1028 893 1110 computetur,
918 1021 1053 1107 demptis
1069 1019 1246 1087 vascanicis
1259 1019 1269 1054 ¹

118 1151 190 1213 quae
212 1129 395 1194 colorantur
417 1130 517 1215 nigro
564 1130 638 1195 Ideo
655 1131 787 1216 vulgare
802 1128 1006 1213 proverbium
1022 1130 1080 1206 est,
1103 1125 1191 1210 qnod
1206 1146 1269 1188 non

119 1235 162 1299 sit
184 1234 295 1299 civitas
318 1235 433 1299 nedum
456 1236 490 1299 in
513 1233 691 1315 Alemania,
715 1236 769 1299 sed
790 1256 848 1299 nec
870 1234 905 1297 in
926 1232 1022 1297 Italia
1045 1236 1101 1295 aut
1123 1230 1268 1307 Francia,

119 1361 190 1423 quae
213 1338 330 1403 habeat
351 1339 398 1403 ita
420 1339 603 1404 deliciosum
627 1362 771 1404 rosarum
794 1339 926 1403 hortum
948 1337 1072 1402 civitati
1095 1357 1267 1412 annexum,

119 1443 201 1507 sicut
219 1441 322 1521 Ulma,
346 1466 416 1527 qnae
439 1466 616 1528 respersum
632 1444 712 1509 albis
728 1443 861 1508 floribus
881 1442 979 1508 habet
994 1443 1114 1528 mande
1130 1443 1268 1525 pratum,

120 1549 158 1612 de
181 1549 296 1633 quibus
318 1549 421 1613 multa
443 1549 533 1614 milia
554 1550 720 1615 hominum
742 1572 918 1634 pauperum
941 1552 974 1613 et
996 1547 1134 1612 divitum
1156 1545 1269 1610 vivunt

120 1657 152 1718 et
174 1655 370 1718 nutriuntur.

208 1758 442 1844 consequenter
465 1760 649 1825 extenditur
671 1783 780 1824 murus
804 1759 942 1824 civitatis
965 1756 1121 1842 usquead
1144 1758 1269 1840 portam

120 1865 221 1929 beatae
244 1863 405 1951 Virginis,
434 1866 484 1929 cui
507 1866 573 1930 alta
594 1866 745 1930 innititur
774 1865 872 1929 turris
895 1868 985 1947 septa
1008 1860 1268 1947 propugnaculis.

120 1974 194 2034 ante
216 1973 346 2054 pontem
368 1971 462 2034 huius
486 1975 587 2054 portae
609 1975 657 2035 est
680 1970 849 2054 pectoralis
872 1968 1008 2033 munitio
1031 1967 1132 2031 muris
1155 1973 1189 2030 et
1204 1963 1269 2028 fos·

120 2077 197 2141 satis
220 2076 412 2155 fortissima,
445 2075 480 2140 in
510 2099 573 2160 qua
602 2074 838 2160 supereminent
869 2078 990 2156 septem
1017 2067 1268 2156 propugnacula

14 2224 16 2227 -
120 2181 172 2248 Ab
195 2183 252 2247 illa
275 2186 368 2266 porta
390 2204 491 2266 usque
514 2183 552 2245 ad
571 2186 695 2266 portam
710 2179 837 2245 Novam
853 2183 928 2245 sunt
943 2180 977 2242 in
992 2175 1163 2262 principali
1179 2195 1269 2238 muro

121 2293 192 2352 octo
208 2292 311 2353 turres
328 2290 360 2351 et
375 2287 409 2350 in
424 2310 515 2352 muro
531 2287 675 2352 inferiori
691 2292 755 2351 tres
778 2287 904 2356 noviter
921 2284 1014 2349 factae
1036 2283 1137 2347 fortes
1159 2284 1193 2344 et
1216 2279 1271 2342 fir·

122 2416 191 2458 111ae.
236 2392 275 2457 In
298 2415 395 2457 unam
418 2397 523 2456 autem
547 2393 673 2456 illarum
705 2393 843 2476 turrium
871 2391 910 2456 de
938 2391 1059 2455 fossato
1091 2387 1158 2451 ruit
1189 2407 1270 2470 aqua

36 2531 44 2537 ·
119 2501 151 2561 et
173 2498 270 2561 vertit
293 2500 428 2582 grandes
450 2501 536 2562 rotas
559 2498 593 2561 in
616 2497 715 2562 fundo
738 2498 846 2576 turris,
870 2496 984 2581 quibus
1008 2493 1181 2558 artificiose
1197 2514 1268 2556 eve·

119 2603 209 2668 bitur
239 2626 322 2688 aqua
355 2625 480 2668 sursum
512 2604 546 2667 in
577 2605 721 2687 superius
753 2603 851 2667 turris
887 2598 1127 2678 habitaculum,
1162 2597 1273 2682 ibique

120 2709 219 2772 effusa
240 2709 274 2772 in
297 2710 529 2792 receptaculum
555 2710 595 2773 ab
618 2731 654 2773 eo
678 2732 734 2792 per
759 2720 894 2773 cannam
919 2705 1099 2793 plumbeam
1122 2705 1269 2769 deorsum

121 2813 275 2877 relabitur
298 2819 330 2878 et
351 2836 408 2897 per
431 2815 580 2879 dracones
604 2814 757 2878 dividitur
772 2837 828 2897 per
843 2813 1015 2889 civitatem,
1039 2809 1121 2875 etin
1137 2807 1270 2874 diversis

121 2919 197 2981 locis
219 2918 254 2982 in
276 2919 380 2982 fontes
404 2919 552 2984 salientes
576 2919 724 3002 erumpit.
749 2920 789 2984 ab
813 2941 850 2983 ea
865 2919 947 2982 enim
966 2914 1048 2980 turri
1066 2918 1097 2978 et
1114 2913 1154 2978 ab
1171 2914 1272 2978 altero

122 3025 258 3108 quodam
281 3023 350 3089 loco
374 3025 469 3089 etiam
493 3024 551 3088 tali
574 3025 667 3088 modo
690 3023 843 3088 dividitur
866 3023 899 3086 in
920 3023 964 3086 23
989 3021 1092 3084 fontes
1116 3041 1174 3103 per
1194 3017 1273 3083 civi-

121 3132 229 3193 tatem.
277 3128 328 3193 Ab
351 3129 408 3194 illa
431 3152 585 3213 aquarum
609 3135 697 3195 turre
719 3130 847 3195 venitur
869 3130 908 3193 ad
932 3149 1035 3192 arcem
1051 3125 1151 3190 altam
1171 3128 1273 3208 portae

120 3233 231 3314 Novae,
255 3258 327 3319 quae
350 3258 407 3300 arx
430 3240 543 3300 ornata
566 3241 613 3301 est
635 3236 769 3319 picturis
799 3239 831 3300 et
858 3233 982 3298 munita
1011 3230 1273 3316 propugnaculis,

122 3344 196 3404 ante
218 3340 306 3405 cuius
329 3345 458 3425 pontem
480 3345 529 3405 est
552 3342 744 3406 fortalitium
761 3341 920 3426 pectorale
934 3336 1187 3404 munitissimum
1202 3357 1273 3399 cum

123 3446 421 3532 7propugnaculis.
467 3445 520 3510 Ab
542 3447 599 3510 illa
622 3451 715 3530 porta
738 3446 913 3511 reflectitur
934 3465 1044 3508 murus
1077 3442 1210 3507 omnino
1240 3441 1274 3504 in

35 3540 69 3608 =r.⁰
93 3552 110 3607 'a
122 3551 314 3615 occidentem
337 3572 437 3635 usque
460 3552 499 3615 ad
523 3551 676 3636 angulum
708 3554 740 3615 et
762 3573 860 3615 cornu
882 3548 1038 3626 civitatis,
1075 3551 1108 3610 et
1131 3566 1274 3632 propug-

121 3656 243 3720 naculis
265 3658 416 3735 munitus,
440 3657 586 3742 iungitur
609 3657 647 3720 ad
672 3657 786 3721 turrim
810 3655 971 3733 Viridem,
995 3652 1040 3717 sic
1063 3651 1273 3728 nominatam,

123 3761 198 3844 quia
220 3759 345 3824 viride²
370 3761 467 3826 habet
495 3765 632 3841 tectum,
667 3763 743 3827 olim
773 3765 880 3825 tamen
903 3760 1067 3824 dicebatur
1089 3757 1190 3821 turris
1220 3757 1276 3820 der

123 3864 324 3949 Gremlinger
356 3865 437 3929 sicut
471 3866 558 3931 vicus
591 3867 630 3931 ab
664 3890 700 3932 ea
723 3867 892 3950 procedens
925 3863 1040 3928 dicitur
1074 3860 1276 3946 Gremlinger

123 3970 198 4055 gata,
222 3992 241 4033 a
266 3969 455 4054 quibusdam
478 3972 617 4055 antiquis
640 3971 762 4036 civibus
785 3969 987 4054 Gremlinger
1017 3966 1212 4046 nominatis,
1244 3970 1277 4030 et

689 4132 707 4171 *

197 4237 378 4295 lveatanicis
407 4239 480 4294 Mon.
502 4240 529 4302 1,
553 4238 624 4294 oben
648 4238 700 4291 hat
726 4237 852 4292 darselbe
876 4234 1030 4300 castanice.
1067 4233 1146 4288 (lana
1174 4233 1277 4288 ebenso

125 4329 185 4383 Sch.
205 4346 231 4383 u.
251 4327 294 4380 Kl.
331 4326 418 4380 Wibl.
437 4326 489 4380 hat
506 4325 662 4381 beidemale
681 4325 839 4380 vescanicae.
900 4321 1151 4377 2viridumMon.
1172 4323 1194 4376 l.
1213 4319 1278 4376 ach.

125 4417 169 4471 Kl.
205 4415 332 4471 Viridem
350 4414 437 4470 Wibl.
