2806 4964
703 286 745 350 90

148 466 263 529 habuit
306 462 517 528 residentiam.
581 459 641 525 Hae
673 460 742 523 duae
772 457 1020 524 Gesslerensium
1056 455 1188 521 familiae
1221 458 1299 541 apul

149 569 371 652 praedicatores
402 589 475 630 suas
505 566 625 628 habent
655 564 821 628 distinctas
855 563 1044 646 sepulturas.
1099 559 1176 626 Vidi
1206 562 1299 626 etiam

148 675 182 737 in
205 673 445 758 quampluribus
468 668 589 734 Sueviae
613 669 737 752 oppidis
760 673 792 733 et
819 668 902 732 villis
927 668 1022 732 huius
1044 667 1186 733 nominis
1209 668 1302 733 fami·

151 780 211 843 lias
235 781 331 844 etiarn
354 779 392 842 de
416 775 595 840 novissimis
620 775 777 858 plebibus.
822 774 935 838 Multis
959 773 1044 838 enim
1067 795 1237 838 commune
1258 779 1304 839 est

150 884 211 948 hoc
233 906 347 947 nomen
372 882 512 960 Gessler‚
546 882 629 964 quod
652 881 697 943 sic
720 880 869 944 accidisse
903 880 1018 944 ferunt.
1065 878 1162 944 Anno
1185 881 1305 945 domini

153 989 236 1052 1348
259 987 466 1070 grassabatur
489 985 734 1049 horribilissima
757 984 866 1068 pestis,
891 1006 954 1067 qua
977 988 1065 1049 totus
1088 983 1228 1050 infectus
1244 985 1306 1050 fuit

151 1093 297 1170 mundus,
322 1092 361 1156 ab
384 1091 476 1155 India
499 1112 599 1173 usque
622 1089 657 1152 in
680 1088 893 1166 Brittaniam,
918 1093 954 1152 ut
977 1089 1031 1153 vix
1054 1090 1195 1154 decimus
1219 1091 1305 1174 quis-

152 1220 213 1281 que
237 1220 274 1260 ex
297 1197 467 1261 millesimo
482 1196 611 1259 bomine
627 1193 830 1278 superfuerit,
856 1194 894 1257 de
910 1217 973 1278 qua
989 1199 1077 1278 peste
1093 1195 1191 1260 etiam
1210 1218 1305 1279 supra

153 1303 264 1365 habita
290 1308 338 1365 est
360 1303 490 1366 mentio,
537 1301 606 1364 Hac
630 1300 837 1364 tribulatione
864 1301 1045 1383 compuncti
1072 1299 1168 1365 multi
1191 1300 1254 1364 viri
1276 1305 1384 1366 et—

152 1408 278 1472 feminae
301 1407 423 1471 nobiles
446 1411 478 1471 et
499 1405 657 1490 ignobiles
681 1410 926 1484 concurrerunt,
958 1409 990 1469 et
1013 1410 1049 1470 ut
1071 1405 1176 1469 Deum
1197 1405 1381 1489 placa——

154 1518 223 1576 tum
245 1514 421 1589 redderent,
446 1513 574 1577 nudatis
598 1512 699 1576 dorsis
721 1511 996 1595 processionaliter
1017 1511 1216 1591 incedebant,
1242 1514 1382 1577 cla—

153 1623 275 1682 mantes
300 1624 331 1682 et
354 1619 575 1696 lamentantes,
599 1640 694 1701 seque
716 1616 853 1700 flagellis
878 1616 1097 1681 inhumaniter
1111 1618 1382 1693 lacerabant-q

154 1723 331 1787 mirandum
349 1726 602 1808 stupendumque
618 1722 832 1806 spectaculum
848 1722 970 1787 cunctis
987 1721 1182 1806 prabebant.
1230 1721 1383 1787 Pos·

154 1828 215 1892 hoc
237 1836 379 1894 cessante
394 1836 482 1914 peste
498 1829 591 1892 multi
607 1850 723 1892 nomen
738 1826 949 1905 retinuerunt,
971 1827 1026 1911 qui
1042 1826 1194 1892 cumillis
1210 1827 1381 1893 casti-

155 1934 322 2018 gatoribus
346 1935 580 2013 circumierunt,
604 1939 637 1999 et
659 1933 846 1998 dicebantur
870 1932 993 1999 Geisler
1015 1931 1211 2019 allegabis,
1236 1934 1381 1997 inoffi

154 2043 260 2103 autem
283 2062 398 2104 nomen
422 2045 583 2105 mutantes
606 2041 679 2104 dicti
705 2043 781 2103 sunt
806 2037 940 2117 Gessler,
964 2037 1020 2102 alii
1043 2060 1118 2102 vero
1135 2039 1214 2104 dicti
1233 2037 1380 2102 suu-‘t

90 2155 95 2163 '
155 2143 275 2208 Gaiser.
321 2141 381 2208 Sed
405 2144 487 2209 cives
518 2145 675 2209 ulmenses
698 2144 824 2231 Gessler
853 2145 900 2208 ita
932 2144 1088 2208 nominati
1111 2149 1189 2210 sunt
1211 2144 1380 2230 long-³

157 2254 230 2314 ante
253 2254 368 2314 sectam
393 2250 638 2335 flagellatorum,
663 2273 726 2334 qua
747 2249 911 2314 occasione
933 2234 1058 2332 ignoro.

631 2425 827 2492 Leuant

241 2568 380 2634 Leonum
411 2569 582 2654 magnifica
609 2572 796 2651 vetustaque
827 2567 951 2631 familia
982 2566 1121 2631 civitatis
1156 2545 1316 2632 ulmensi-
1371 2572 1389 2612 -S

156 2697 228 2737 cum
251 2673 322 2737 aliis
353 2674 513 2738 nobilibus
536 2671 666 2738 Ulmam
689 2672 786 2736 venit.
810 2694 883 2736 nam
915 2675 1009 2736 antea
1038 2694 1108 2736 cum
1140 2676 1392 2737 numeros5³

156 2782 238 2842 esset
260 2778 397 2856 familia,
425 2778 512 2842 sedes
535 2778 653 2843 habuit
672 2778 704 2842 in
730 2778 880 2844 extremis
904 2777 1041 2861 Alpibus
1064 2778 1098 2841 in
1121 2777 1296 2863 regionibu
1325 2782 1393 2833 ΑΒ

156 2881 308 2946 Oadubrii
331 2888 363 2947 et
386 2881 563 2962 Goriciae²‚
586 2885 624 2948 de
647 2907 711 2967 qua
735 2885 794 2947 sub
817 2881 987 2947 comitibus
1009 2882 1240 2966 praedictarum
1263 2906 1297 2948 re
1321 2892 1394 2929 4·

155 2987 288 3073 gionum
312 2987 379 3070 apti
401 2987 497 3052 armis
513 2989 632 3054 Leones
647 2989 770 3054 nobiles
785 2987 986 3066 militabant3
1009 3009 1067 3052 nec
1082 2988 1394 3080 aestimandurfl]

158 3099 205 3159 est
228 3097 295 3158 tam
316 3092 423 3158 nobile
446 3116 562 3159 nomeu
585 3101 618 3160 et
640 3099 707 3159 tam
730 3095 871 3178 insignia
893 3097 1062 3158 stemmata
1084 3091 1148 3156 uisi
1170 3094 1297 3158 strenui
1319 3077 1395 3151 js

158 3197 281 3262 actibus
304 3198 353 3260 illi
375 3197 507 3264 familia
530 3223 596 3265 esse
613 3199 826 3285 appropriata.
872 3197 921 3262 De
936 3198 987 3262 his
1002 3197 1163 3262 Leonibus
1178 3195 1395 3283 quidirtss

156 3302 254 3387 Alpes
278 3303 497 3387 derelinquens
520 3307 642 3370 curiam
664 3305 865 3369 dominorum
888 3304 926 3368 de
953 3301 1132 3368 Hellastein
1156 3301 1192 3366 in
1215 3288 1396 3368 amris

157 3408 296 3474 serviens
320 3408 511 3492 sequebatur
526 3412 559 3474 in
576 3412 706 3495 regione
723 3404 854 3489 Suesia,
878 3413 947 3474 erat
962 3408 1047 3472 enim
1062 3413 1141 3472 tunc
1156 3393 1396 3493 amporffis

158 3513 310 3577 comitum
334 3513 372 3577 de
395 3513 573 3580 Hellastein
608 3517 695 3580 curia
719 3515 802 3580 sicut
831 3515 1030 3598 principum,
1064 3511 1182 3597 quibus
1216 3514 1397 3580 etiam-11

158 3617 298 3681 illustres
321 3618 510 3684 serviebant.
556 3621 618 3685 Leo
642 3626 748 3686 autem
771 3619 826 3684 ille
849 3619 976 3684 domino
999 3641 1056 3684 suo
1071 3613 1153 3683 bene
1168 3620 1397 3685 servieras

157 3721 378 3804 praefecturam
401 3727 518 3791 meruit
544 3727 683 3810 accipere
712 3725 835 3793 castelli
864 3725 1022 3810 Giengem
1054 3723 1140 3808 quod
1167 3727 1397 3791 nondumn

158 3830 227 3890 erat
248 3825 412 3909 imperiale
434 3831 586 3914 oppidum
608 3831 691 3897 sicut
714 3836 763 3897 est
785 3831 888 3910 hodie,
912 3832 966 3895 sed
988 3833 1115 3894 tanturn
1139 3830 1396 3895 castella-:111

147 3931 310 3996 comitum
332 3932 496 4000 dictorum.
542 3935 581 4001 In
602 3937 659 4001 illo
682 3960 759 4022 ergo
781 3935 910 4002 castello
932 3934 1049 3999 habuit
1070 3932 1134 3998 Leo
1158 3933 1216 3999 ille
1239 3953 1315 3999 cur
1332 3942 1394 3990 ,n

724 4095 741 4134 ‘lt

230 4199 243 4253 1
264 4199 317 4256 Leo
336 4198 434 4256 Schad.
452 4202 496 4255 Kl.
536 4203 576 4258 De
598 4202 709 4258 familia
731 4203 853 4259 Leonum
877 4200 974 4257 Schad.
1000 4200 1070 4256 Golr.
1094 4200 1169 4256 Besa
1206 4200 1378 4256 now-—n

78 4355 80 4359 Ι
157 4287 223 4375 oder
242 4287 338 4356 Layen
356 4289 424 4346 Gok.
442 4307 488 4344 am
507 4290 604 4356 rande,
652 4277 1372 4354 1cadoreanderobernpiave,inuris-t·

158 4374 269 4431 Goricia
285 4397 321 4425 =
338 4376 416 4432 Gora.
