2806 4964
427 107 551 191 origine
586 107 665 169 iuris
688 108 706 189 ᾗ
730 109 848 171 exactis
871 112 903 171 et
927 109 1043 173 ibidem
1067 111 1099 172 in
1131 110 1237 193 glossa
1254 109 1289 195 ¹),

444 213 450 222 '
476 212 632 275 miserunt
651 214 689 276 10
714 213 798 276 viros
822 214 861 276 ad
878 213 1003 278 Graecos
1025 239 1083 298 pro
1106 215 1232 301 legibus
1248 219 1289 280 12

500 316 622 379 diderat
646 316 898 382 Atheniensibus
914 317 1011 382 Solon
1027 321 1287 403 sapientissimus.

571 421 614 485 eis
648 422 735 505 leges
767 425 934 488 concedere
964 424 1099 504 vellent,
1134 428 1289 491 miserunt
1357 460 1359 465 v

564 550 647 606 inm,
682 530 737 612 qui
768 529 962 612 exploraret,
995 551 1035 592 an
1066 535 1170 594 esseut
1199 532 1288 618 digni

479 660 536 713 ,aa
561 638 626 694 tarn
650 634 810 716 praeclara
833 639 924 698 erant
946 640 977 699 et
1000 633 1111 713 utiles,
1135 638 1171 698 ut
1193 637 1219 698 si
1243 637 1287 700 eis

408 740 521 815 .·ii‹·1n‚
552 739 780 820 sempiternum
810 739 953 804 habituri
982 743 1087 803 essent
1109 740 1285 822 imperium.

318 868 344 903 n
367 843 499 905 licinani
525 844 587 905 ianr
613 844 704 928 digni
726 845 856 909 iudicati
880 845 1072 928 accepissent
1095 844 1181 928 legas
1205 846 1287 924 illas

255 952 464 1024 ciarnvernnt,
489 947 637 1011 addentes
660 948 737 1010 duas
753 949 887 1012 tabulas.
932 950 1045 1032 Sicque
1072 953 1190 1012 vocatae
1213 955 1288 1012 sunt

157 1074 222 1134 ges
247 1050 310 1114 XII
333 1052 525 1115 tabularum.
573 1051 624 1116 Sic
647 1056 679 1116 et
702 1051 869 1118 Ulmenses
899 1056 1040 1117 omnium
1063 1075 1152 1136 paene
1175 1042 1287 1116 civita-

129 1162 203 1218 tum
238 1157 323 1240 leges
354 1162 588 1240 perscrutantes
618 1159 679 1222 sibi
710 1160 804 1224 utiles
836 1165 868 1224 et
899 1160 1121 1224 convenientes
1149 1158 1213 1222 suis
1237 1160 1287 1222 in·

128 1265 320 1326 seruerunt:
354 1267 385 1326 et
409 1264 560 1347 quamdiu
584 1265 756 1328 secundum
784 1288 835 1329 eas
859 1289 948 1329 suam
971 1265 1152 1351 gubernant
1174 1265 1286 1328 civita-

132 1372 211 1445 tem,
238 1367 409 1450 proficiunt
432 1374 464 1432 et
486 1375 647 1447 crescunt;
681 1373 708 1435 si
731 1394 805 1435 vero
838 1395 857 1435 a
880 1373 987 1455 legum
1011 1371 1213 1435 observantia
1236 1394 1286 1435 re·

131 1471 297 1550 cesserint,
324 1473 507 1537 decrescunt
530 1478 561 1538 et
582 1476 744 1541 deficiunt.

656 1769 721 1839 cap·
741 1773 766 1824 2.
1290 1836 1380 1870 Goldast.

1284 1885 1350 1922 caput.
1360 1882 1388 1914 1v

131 1910 186 1975 De
217 1911 415 1995 profectu
448 1913 650 1976 civitatis
674 1912 878 1977 ulmensis
907 1917 949 1976 et
985 1912 1186 1995 quomodo
1218 1912 1377 2003 do-Fuffijf·

455 2017 591 2081 minia
613 2040 685 2081 sua
708 2018 958 2102 acquisivit.
1290 2013 1384 2050 ⁰¹¹³·⁸⁹·

219 2207 357 2272 Romani
380 2213 518 2273 testante
543 2208 723 2294 Augustino
746 2211 784 2273 de
807 2209 935 2272 civitate
962 2206 1022 2271 Dei
1046 2207 1113 2290 [lib.
1138 2209 1167 2271 5.
1191 2229 1217 2272 c.
1242 2208 1283 2272 16

131 2312 231 2378 etlib.
251 2314 301 2378 12.
325 2334 351 2377 c.
378 2313 428 2378 16.
443 2310 472 2398 ²]
496 2313 581 2377 orbis
596 2316 840 2397 promeruerunt
856 2311 1040 2391 dominium,
1065 2313 1141 2396 quia
1156 2311 1283 2395 optimis

130 2418 283 2483 vivebant
306 2418 430 2502 legibus
453 2419 574 2501 prim0,
608 2421 641 2482 et
664 2440 770 2482 amore
794 2418 906 2502 patriae
930 2417 1114 2502 flagrabant
1136 2418 1282 2495 secundo

131 2522 255 2587 etzelo
289 2522 420 2586 iustitia
443 2522 598 2586 ardebant
621 2522 735 2601 tertio,
771 2525 803 2586 et
824 2521 901 2606 pace
924 2521 1027 2586 civilis
1057 2521 1283 2586 benevolentiae

129 2626 369 2692 concordabant
392 2630 516 2710 quarto.
542 2627 602 2705 his,
626 2627 757 2710 inquam
773 2626 876 2691 Roma
892 2626 970 2692 olim
985 2627 1103 2690 mundo
1119 2626 1283 2710 incognita

129 2733 223 2797 exilis
247 2738 279 2796 et
302 2753 400 2815 parva
415 2731 556 2796 exaltata
579 2736 636 2810 est,
659 2736 691 2796 et
707 2731 836 2796 domina
859 2734 957 2798 totius
981 2732 1066 2797 orbis
1090 2732 1183 2795 facta.
1231 2729 1282 2794 Sic

129 2837 318 2922 parimodo
346 2836 517 2901 secundum
547 2837 785 2920 proportionem
818 2859 984 2920 possumus
1012 2838 1101 2920 loqui
1124 2837 1162 2900 de
1186 2833 1283 2900 Ulma

128 2946 251 3020 nostra,
276 2963 347 3025 quae
371 2941 448 3006 olim
469 2963 579 3026 parva,
603 2942 691 3006 cuius
714 2963 771 3006 nec
794 2964 909 3006 nomen
933 2947 1043 3006 notum
1067 2945 1135 3006 erat
1155 2940 1191 3003 iu
1213 2944 1283 3004 tota

696 3049 714 3088 a

202 3135 215 3186 l
236 3132 451 3195 consueuerant,
477 3131 511 3186 de
535 3131 637 3201 quibus
656 3131 831 3201 Augustinus
856 3132 890 3186 de
918 3131 950 3186 ci.
970 3132 988 3183 1.
1011 3131 1043 3184 12
1061 3147 1083 3184 c.
1105 3131 1137 3185 16
1156 3128 1208 3182 dit.
1246 3129 1282 3183 Et

128 3221 253 3275 habetur
272 3218 300 3271 ff.
326 3218 360 3273 de
385 3218 493 3288 origine
511 3218 586 3272 Juris
611 3218 629 3272 l.
652 3218 691 3272 12.
728 3218 878 3288 §.exactis
904 3218 934 3273 li.
960 3237 1004 3288 po.
1030 3220 1059 3272 et
1084 3216 1152 3271 ibid.
1177 3216 1208 3270 in
1226 3217 1282 3286 glo.

130 3310 204 3364 Mon.
227 3309 252 3362 2,
288 3308 511 3362 consuevnerunt
531 3307 561 3359 vt
579 3306 700 3359 habetur
719 3306 745 3360 d.
764 3305 834 3376 orig.
854 3307 873 3360 l.
894 3307 918 3359 2.
937 3306 956 3358 f.
976 3304 1093 3368 exactis,
1119 3305 1148 3359 et
1166 3303 1233 3358 ibid.
1252 3304 1283 3359 in

127 3395 168 3464 gl.
189 3393 291 3450 Schad.
327 3396 531 3450 consueverunt
556 3395 588 3446 vt
612 3393 719 3462 legitur
737 3394 772 3448 de
790 3394 861 3463 orig.
891 3394 953 3448 12.
978 3393 1083 3447 exactis
1108 3394 1138 3446 st
1159 3390 1226 3446 ibid.
1252 3391 1282 3446 in

129 3483 170 3552 gia
189 3481 235 3535 Kl.
273 3484 483 3536 consueuerant.
520 3478 561 3533 De
579 3478 679 3548 quibus
705 3496 730 3532 a.
749 3480 811 3534 dici.
830 3481 849 3533 1.
869 3481 884 3533 2
903 3497 924 3536 c.
945 3480 977 3535 16
996 3480 1046 3534 dic.
1066 3479 1228 3534 ethabetur
1248 3478 1279 3534 D.

132 3569 167 3624 de
187 3568 257 3637 orig.
277 3566 352 3621 Juris
369 3567 388 3620 l.
408 3568 432 3620 2.
452 3566 476 3636 §.
495 3565 605 3622 exactio
624 3566 654 3622 li.
672 3585 715 3636 po.
735 3570 764 3621 et
782 3567 857 3622 idem
881 3568 910 3620 in
935 3568 1028 3637 glossa
1047 3567 1131 3622 Woll.
1170 3582 1282 3620 consue·

127 3658 240 3712 uerunt.
270 3653 310 3708 De
328 3655 373 3724 qb.
393 3655 569 3724 Augustinus
589 3653 622 3708 de
642 3652 718 3710 cinit.
737 3653 790 3708 Dei
812 3655 829 3707 1.
849 3655 865 3708 2
885 3671 906 3708 c.
924 3656 955 3709 16
974 3655 1041 3708 dicit
1062 3656 1090 3708 et
1109 3652 1228 3707 habetur
1247 3651 1281 3705 de

126 3745 197 3815 orig.
217 3745 243 3800 J.
261 3744 279 3813 ὅ
297 3760 330 3798 ex
349 3743 418 3798 actis
437 3745 488 3797 etc.
508 3741 576 3797 Gok.
609 3742 632 3796 J.
654 3742 673 3797 l.
693 3742 708 3794 2
729 3744 745 3811 ξ
765 3741 877 3796 Exactis
895 3746 946 3797 etc.
963 3743 1034 3795 Bess.
1070 3739 1281 3794 consueuerant.

126 3835 159 3888 vr
168 3831 292 3887 babetur
306 3831 340 3886 de
352 3830 423 3900 orig.
435 3831 494 3883 Jur.
508 3830 526 3884 l.
539 3830 556 3883 2
571 3831 600 3883 et
611 3829 680 3886 ibid.
690 3830 720 3883 in
734 3830 773 3899 gl.
787 3827 909 3884 Schmid.
927 3815 1079 3882 wiblsah.
1156 3828 1172 3879 2
1191 3825 1227 3880 10.
1249 3826 1279 3879 V.

126 3936 167 3975 ca.
189 3919 231 3973 16.
269 3921 297 3974 et
316 3920 351 3975 lo.
371 3918 408 3973 2⁰.
427 3935 468 3972 ca.
490 3917 522 3972 16
542 3916 617 3974 Mon.
638 3919 661 3971 1.
698 3919 727 3972 et
745 3917 793 3971 lib.
814 3917 837 3970 1.
857 3918 881 3971 2.
902 3933 924 3970 c.
946 3918 986 3970 16.
1009 3914 1069 3968 Sch.
1112 3915 1140 3966 et
1163 3911 1211 3966 lib.
1237 3911 1278 3966 12.

125 4023 147 4063 o.
170 4007 210 4064 16.
230 4005 276 4062 Kl.
