2806 4964
685 312 745 382 192

142 494 217 579 qnia
239 494 378 579 primum
400 495 607 560 ‘reclusorium
630 497 754 562 minam
784 496 984 574 minabatur,
1013 493 1109 578 petiit
1141 493 1287 576 praedicta

142 599 328 688 Adelhaidis
352 621 538 684 germanum
553 623 645 665 suum
669 602 724 686 qui
746 607 815 667 erat
829 600 1045 686 carpentarius
1068 602 1105 663 ut
1128 596 1217 661 aliud
1232 598 1287 661 sibi

138 705 309 770 fabricaret
324 707 500 790 tugurium.
547 706 636 773 Fecit
651 730 727 793 ergo
750 710 779 773 ei
796 708 945 792 exiguam
960 705 1185 769 domunculam
1201 704 1287 768 iuxta

139 809 311 889 ecclesiam,
335 811 367 875 in
393 834 456 897 qua
477 812 573 878 homo
596 814 629 878 in
646 814 774 879 modum
798 813 899 879 crucis
922 817 1011 877 stans
1034 815 1173 895 utraque
1195 832 1287 873 manu

139 915 249 979 ambos
264 917 419 1002 tangebat
434 919 572 1002 parietes
587 943 644 1005 per
659 921 825 1005 quadrum.
870 917 908 983 In
925 917 982 982 illo
992 918 1101 1000 itaque
1114 914 1287 979 reclusorio

138 1021 248 1086 multis
271 1021 381 1106 deguit
405 1024 495 1089 annis
512 1024 671 1090 ferventer
692 1026 820 1091 domino
843 1024 998 1100 servieus,
1021 1021 1216 1105 stupendum
1238 1043 1287 1085 ex·

139 1128 279 1211 emplum
311 1129 386 1193 vitae
409 1132 556 1196 omnibus
587 1137 660 1216 post
691 1152 725 1197 se
754 1131 945 1214 relinquens.
991 1127 1068 1191 Post
1102 1126 1193 1190 illam
1229 1124 1287 1189 alia

137 1232 278 1298 Domino
294 1235 408 1300 devota
423 1237 524 1320 virgo,
549 1235 628 1302 Jnca
643 1236 651 1272 ¹
672 1237 811 1315 nomine,
835 1236 896 1300 hoc
912 1232 1286 1316 inclusoriumingressa,

140 1339 259 1403 multos
282 1363 381 1404 annos
404 1341 437 1404 in
460 1340 520 1405 Dei
553 1341 682 1407 servitio
706 1342 829 1426 exegit,
863 1341 970 1422 sicque
1001 1341 1075 1422 post
1104 1337 1197 1401 illam
1230 1337 1287 1400 alia

137 1444 241 1508 locum
266 1445 420 1529 possedit,
444 1446 570 1530 fuitque
592 1446 738 1530 pluribus
763 1447 855 1510 annis
877 1444 1036 1509 habitatio
1059 1443 1283 1507 solitariamm.

136 1550 220 1614 inter
244 1573 324 1634 quas
339 1551 449 1615 multae
472 1555 590 1615 sanctae
613 1551 741 1615 feminae
757 1550 896 1628 fuerunt,
921 1571 992 1634 quae
1014 1546 1171 1612 mirandis
1194 1547 1284 1610 mira-

23 1667 38 1684 '
138 1655 218 1719 culis
241 1656 424 1735 claruerunt
448 1660 480 1720 et
503 1655 668 1720 saevissimi
690 1656 812 1720 inimici
834 1655 1026 1720 tentationes
1059 1653 1284 1718 sustinuerunt.

137 1759 221 1824 unde
236 1760 360 1824 cuidam
384 1763 501 1824 sanctae
517 1764 660 1844 tempore
676 1759 770 1824 famis
787 1760 824 1824 de
847 1760 928 1825 coelo
944 1781 999 1843 per
1016 1780 1146 1823 corvum
1166 1779 1285 1821 annona

19 1917 22 1924 .
136 1865 199 1929 fuit
222 1867 417 1930 transmissa.
449 1866 540 1929 alteri
564 1863 755 1931 videbantur
776 1865 912 1929 molares
944 1867 977 1928 et
998 1862 1135 1948 grandia
1158 1884 1235 1926 saxa
1256 1862 1283 1924 in

137 1970 266 2034 domum
281 1971 410 2035 irruere.
435 1970 498 2034 alia
514 1971 644 2054 inpane
661 1970 779 2054 reperit
794 1992 926 2047 vermes,
952 1990 1082 2032 araneas
1099 1971 1133 2032 et
1156 1987 1284 2052 quaeque

135 2076 308 2140 immunda.
334 2076 416 2139 unde
432 2098 496 2138 una
518 2098 627 2140 earum
642 2079 709 2139 tam
731 2075 931 2140 horribiliter
947 2073 1088 2158 quotidie
1105 2072 1284 2148 vexabatur,

137 2181 220 2264 quod
244 2203 340 2264 supra
362 2180 445 2244 vires
467 2179 624 2243 humanas
648 2180 719 2244 fuit.
753 2181 890 2265 quadam
913 2183 1021 2244 autem
1051 2182 1147 2242 nocte
1169 2182 1284 2242 terrore

135 2286 234 2350 nimio
250 2286 344 2362 victa,
367 2285 574 2349 reclusorium
590 2285 715 2370 effregit
738 2289 769 2350 εὴ
789 2286 823 2348 in
840 2283 1057 2348 molendinum
1081 2283 1143 2348 sub
1160 2282 1283 2348 ecclesia

136 2390 312 2474 transfugit
333 2412 391 2454 neo
413 2411 555 2473 unquam
578 2390 616 2452 ad
640 2389 777 2454 reditum
798 2390 905 2454 induci
927 2389 1049 2473 potuit,
1080 2389 1157 2453 licet
1179 2392 1282 2454 sancta

137 2495 246 2573 fuerit,
270 2499 302 2560 et
325 2495 425 2558 vitam
448 2495 481 2557 in
505 2493 688 2558 Blaubliren
708 2491 831 2574 finivit,
854 2495 973 2559 faciens
997 2517 1030 2558 se
1052 2493 1147 2558 alteri
1170 2492 1282 2558 includi

136 2602 253 2666 domui.
285 2589 353 2665 haec
376 2599 512 2684 singulis
536 2598 645 2664 diebus
668 2598 754 2663 fudit
775 2621 883 2683 preces
906 2597 1102 2685 singulares,
1133 2603 1282 2684 quatenns

138 2705 293 2769 Dominus
324 2705 428 2767 locum
452 2701 579 2767 Wilerii
613 2702 783 2768 emundare
813 2704 999 2787 dignaretur
1029 2704 1069 2768 ab
1093 2703 1218 2767 inimici
1240 2702 1282 2766 in-

137 2809 299 2873 tolerabili
323 2808 422 2873 fnria,
442 2811 474 2872 et
495 2808 682 2891 impetrasse
697 2807 837 2872 creditur
860 2808 928 2873 loco
951 2812 983 2873 et
998 2808 1145 2892 personis
1168 2829 1280 2891 pacem.

137 2936 210 2977 nam
234 2914 272 2977 de
294 2916 368 2997 post
383 2911 465 2976 nihil
488 2911 631 2975 auditum
655 2911 718 2975 fuit
732 2911 908 2976 insolitum.
954 2913 1040 2977 Deus
1063 2913 1150 2977 enim
1174 2912 1282 2976 abhoc

137 3022 279 3100 tempore
302 3017 430 3081 domum
445 3015 531 3079 illam
557 3015 744 3080 a'daemonis
764 3019 923 3099 potestate
945 3018 1072 3101 eripuit,
1097 3017 1139 3081 ab
1154 3015 1282 3081 infamia

136 3128 167 3187 et
190 3121 346 3187 scandalis
370 3121 540 3187 custodivit
568 3125 642 3185 eta
672 3121 821 3205 periculis
843 3121 1052 3186 conservavit.
1098 3119 1187 3186 Nam
1217 3125 1282 3186 ante

135 3228 320 3312 praedictam
341 3226 517 3290 solitariam
541 3248 623 3309 saepe
645 3224 766 3309 scopuli
798 3230 831 3290 et
853 3248 947 3310 rupes
977 3247 1073 3309 supra
1097 3227 1228 3291 domum
1250 3226 1282 3290 de

132 3333 251 3398 montis
274 3333 356 3398 clivo
372 3337 404 3397 et
417 3333 574 3396 irruentes
598 3331 636 3414 de
653 3331 718 3395 alto
733 3331 768 3394 in
783 3332 912 3395 domum
926 3330 1151 3415 impingebant
1164 3329 1188 3395 ².
1213 3333 1281 3395 sunt

135 3440 218 3504 enim
244 3442 366 3503 montes
398 3437 444 3500 ibi
475 3437 509 3500 in
542 3436 671 3500 modum
701 3436 844 3500 dentium
878 3435 1052 3519 scopulosi,
1084 3439 1117 3499 et
1148 3436 1178 3500 si
1201 3435 1282 3519 rupis

37 3533 122 3614 adili.
135 3545 273 3608 resoluta
293 3542 448 3620 ceciderit,
465 3542 594 3605 domum
609 3561 680 3603 oum
698 3540 827 3604 ecclesia
840 3543 1025 3604 contereret.
1049 3549 1108 3603 neo
1123 3561 1281 3604 murorum

135 3650 234 3714 ruinae
258 3651 296 3713 de
318 3653 421 3714 castro
446 3645 698 3730 Gintzelburg³,
731 3647 814 3731 quod
847 3668 944 3729 snpra
974 3645 1104 3708 domum
1126 3644 1161 3707 in
1186 3645 1282 3728 capite

135 3755 223 3838 rupis
247 3756 372 3830 eminet,
397 3753 597 3837 aliquatenus
621 3751 729 3816 domui
751 3751 800 3814 illi
815 3753 1000 3816 nocuerunt.
1047 3749 1143 3813 Anno
1168 3747 1282 3814 domini

136 3860 219 3923 1357
244 3843 368 3923 eratin
391 3860 484 3923 domo
507 3857 563 3920 illa
587 3857 732 3940 quaedam
754 3857 847 3942 virgo
863 3855 1007 3920 solitaria
1030 3855 1068 3918 de
1091 3854 1280 3930 Blaubiiren,

136 3963 322 4029 Adelhaidis
338 3963 475 4040 nomine,
492 3962 680 4045 exemplaris
690 3967 722 4027 et
732 3962 889 4046 religiosa
901 3962 984 4039 vitae,
1001 3959 1282 4044 frequentabatur·

698 4110 715 4146 ’l‘

205 4216 298 4270 1Jita
310 4215 360 4271 ul.
381 4213 501 4268 Schmid.
538 4213 587 4268 Jta
606 4213 691 4268 Wibl.
739 4215 891 4268 YtaMon.
912 4209 1035 4267 1.G01d.
1055 4212 1096 4264 ut.
1137 4210 1207 4265 Jnca
1225 4208 1280 4264 Sch.

133 4304 150 4355 2
176 4302 333 4371 impingere
358 4302 473 4366 werten,
499 4299 612 4367 stossen,
632 4301 734 4365 Plaut,
755 4300 880 4360 Phaedr,
901 4299 972 4352 Plin.
1077 4297 1279 4362 3Ginaelburg

134 4389 219 4444 Wibl.
240 4387 330 4445 Sehm.
367 4389 392 4444 S.
414 4389 597 4458 Memminger
616 4405 668 4444 oa.
688 4388 872 4452 Blaubeuren,
892 4405 912 4442 s.
932 4389 993 4442 214.
