<?xml version="1.0" encoding="UTF-8"?>
<!DOCTYPE html PUBLIC "-//W3C//DTD XHTML 1.0 Transitional//EN"
    "http://www.w3.org/TR/xhtml1/DTD/xhtml1-transitional.dtd">
<html xmlns="http://www.w3.org/1999/xhtml" xml:lang="en" lang="en">
 <head>
  <title>
</title>
<meta http-equiv="Content-Type" content="text/html;charset=utf-8" />
  <meta name='ocr-system' content='tesseract 3.04.00' />
  <meta name='ocr-capabilities' content='ocr_page ocr_carea ocr_par ocr_line ocrx_word'/>
</head>
<body>
  <div class='ocr_page' id='page_1' title='image "./fratrisfelicisf03fabrgoog_0061.png"; bbox 0 0 2806 4964; ppageno 0'>
   <div class='ocr_carea' id='block_1_1' title="bbox 687 311 730 377">
    <p class='ocr_par' dir='ltr' id='par_1_1' title="bbox 687 311 730 377">
     <span class='ocr_line' id='line_1_1' title="bbox 687 311 730 377; baseline 0.023 -1"><span class='ocrx_word' id='word_1_1' title='bbox 687 311 730 377; x_wconf 82' lang='lat'>40</span> 
     </span>
    </p>
   </div>
   <div class='ocr_carea' id='block_1_2' title="bbox 34 487 1292 4461">
    <p class='ocr_par' dir='ltr' id='par_1_2' title="bbox 132 487 1282 577">
     <span class='ocr_line' id='line_1_2' title="bbox 132 487 1282 577; baseline 0.004 -24"><span class='ocrx_word' id='word_1_2' title='bbox 132 492 163 553; x_wconf 97' lang='lat' dir='ltr'>et</span> <span class='ocrx_word' id='word_1_3' title='bbox 187 487 227 551; x_wconf 86' lang='lat' dir='ltr'>ad</span> <span class='ocrx_word' id='word_1_4' title='bbox 249 487 363 552; x_wconf 89' lang='lat' dir='ltr'>altaria</span> <span class='ocrx_word' id='word_1_5' title='bbox 385 487 417 551; x_wconf 89' lang='lat' dir='ltr'>iu</span> <span class='ocrx_word' id='word_1_6' title='bbox 442 492 574 572; x_wconf 83' lang='lat' dir='ltr'>argento</span> <span class='ocrx_word' id='word_1_7' title='bbox 598 494 631 554; x_wconf 92' lang='lat' dir='ltr'>et</span> <span class='ocrx_word' id='word_1_8' title='bbox 653 512 724 555; x_wconf 91' lang='lat' dir='ltr'>cera</span> <span class='ocrx_word' id='word_1_9' title='bbox 747 490 781 553; x_wconf 92' lang='lat' dir='ltr'>in</span> <span class='ocrx_word' id='word_1_10' title='bbox 804 490 924 555; x_wconf 90' lang='lat' dir='ltr'>domini</span> <span class='ocrx_word' id='word_1_11' title='bbox 946 491 1075 576; x_wconf 83' lang='lat' dir='ltr'>plebani</span> <span class='ocrx_word' id='word_1_12' title='bbox 1091 515 1200 572; x_wconf 90' lang='lat' dir='ltr'>usum,</span> <span class='ocrx_word' id='word_1_13' title='bbox 1230 492 1282 577; x_wconf 92' lang='lat' dir='ltr'>qui</span> 
     </span>
    </p>

    <p class='ocr_par' dir='ltr' id='par_1_3' title="bbox 34 591 1282 1726">
     <span class='ocr_line' id='line_1_3' title="bbox 34 591 1280 682; baseline 0.006 -26"><span class='ocrx_word' id='word_1_14' title='bbox 34 591 386 672; x_wconf 49' lang='grc'>1101110011010100111,</span> <span class='ocrx_word' id='word_1_15' title='bbox 419 599 530 678; x_wconf 91' lang='lat' dir='ltr'>penset</span> <span class='ocrx_word' id='word_1_16' title='bbox 558 596 661 678; x_wconf 89' lang='lat' dir='ltr'>pretia</span> <span class='ocrx_word' id='word_1_17' title='bbox 687 594 903 659; x_wconf 80' lang='lat' dir='ltr'>laborantium</span> <span class='ocrx_word' id='word_1_18' title='bbox 934 597 1092 661; x_wconf 89' lang='lat' dir='ltr'>artificum</span> <span class='ocrx_word' id='word_1_19' title='bbox 1123 599 1280 682; x_wconf 74' lang='lat' dir='ltr'>quottidie</span> 
     </span>
     <span class='ocr_line' id='line_1_4' title="bbox 132 699 1281 786; baseline 0.005 -25"><span class='ocrx_word' id='word_1_20' title='bbox 132 702 164 762; x_wconf 93' lang='lat' dir='ltr'>et</span> <span class='ocrx_word' id='word_1_21' title='bbox 188 699 410 763; x_wconf 87' lang='lat' dir='ltr'>adducentium</span> <span class='ocrx_word' id='word_1_22' title='bbox 434 722 453 762; x_wconf 89' lang='lat' dir='ltr'>a</span> <span class='ocrx_word' id='word_1_23' title='bbox 475 701 605 764; x_wconf 83' lang='lat' dir='ltr'>remotis</span> <span class='ocrx_word' id='word_1_24' title='bbox 629 700 705 765; x_wconf 91' lang='lat' dir='ltr'>locis</span> <span class='ocrx_word' id='word_1_25' title='bbox 728 701 859 784; x_wconf 89' lang='lat' dir='ltr'>lapides,</span> <span class='ocrx_word' id='word_1_26' title='bbox 883 724 1018 785; x_wconf 90' lang='lat' dir='ltr'>quorum</span> <span class='ocrx_word' id='word_1_27' title='bbox 1034 704 1156 786; x_wconf 86' lang='lat' dir='ltr'>emptio</span> <span class='ocrx_word' id='word_1_28' title='bbox 1172 708 1205 767; x_wconf 92' lang='lat' dir='ltr'>et</span> <span class='ocrx_word' id='word_1_29' title='bbox 1228 705 1281 767; x_wconf 89' lang='lat' dir='ltr'>ad·</span> 
     </span>
     <span class='ocr_line' id='line_1_5' title="bbox 132 803 1281 889; baseline 0.005 -23"><span class='ocrx_word' id='word_1_30' title='bbox 132 803 237 866; x_wconf 90' lang='lat' dir='ltr'>ductio</span> <span class='ocrx_word' id='word_1_31' title='bbox 259 803 444 867; x_wconf 78' lang='lat' dir='ltr'>incredibile</span> <span class='ocrx_word' id='word_1_32' title='bbox 466 804 604 887; x_wconf 91' lang='lat' dir='ltr'>pretium</span> <span class='ocrx_word' id='word_1_33' title='bbox 626 805 770 889; x_wconf 82' lang='lat' dir='ltr'>requirit,</span> <span class='ocrx_word' id='word_1_34' title='bbox 794 805 869 889; x_wconf 87' lang='lat' dir='ltr'>quia</span> <span class='ocrx_word' id='word_1_35' title='bbox 891 806 1010 889; x_wconf 90' lang='lat' dir='ltr'>lapides</span> <span class='ocrx_word' id='word_1_36' title='bbox 1035 805 1122 871; x_wconf 92' lang='lat' dir='ltr'>illius</span> <span class='ocrx_word' id='word_1_37' title='bbox 1146 808 1281 872; x_wconf 86' lang='lat' dir='ltr'>ecclesiae</span> 
     </span>
     <span class='ocr_line' id='line_1_6' title="bbox 131 908 1282 995; baseline 0.005 -24"><span class='ocrx_word' id='word_1_38' title='bbox 131 930 195 971; x_wconf 90' lang='lat' dir='ltr'>non</span> <span class='ocrx_word' id='word_1_39' title='bbox 218 908 345 972; x_wconf 90' lang='lat' dir='ltr'>desolo</span> <span class='ocrx_word' id='word_1_40' title='bbox 368 908 520 986; x_wconf 89' lang='lat' dir='ltr'>ulmensi,</span> <span class='ocrx_word' id='word_1_41' title='bbox 548 909 602 972; x_wconf 91' lang='lat' dir='ltr'>sed</span> <span class='ocrx_word' id='word_1_42' title='bbox 631 932 650 972; x_wconf 93' lang='lat' dir='ltr'>a</span> <span class='ocrx_word' id='word_1_43' title='bbox 672 910 802 974; x_wconf 89' lang='lat' dir='ltr'>remotis</span> <span class='ocrx_word' id='word_1_44' title='bbox 825 909 902 974; x_wconf 88' lang='lat' dir='ltr'>locis</span> <span class='ocrx_word' id='word_1_45' title='bbox 925 909 1143 989; x_wconf 84' lang='lat' dir='ltr'>advehuntur;</span> <span class='ocrx_word' id='word_1_46' title='bbox 1172 917 1282 995; x_wconf 88' lang='lat' dir='ltr'>penset</span> 
     </span>
     <span class='ocr_line' id='line_1_7' title="bbox 131 1013 1282 1099; baseline 0.004 -23"><span class='ocrx_word' id='word_1_47' title='bbox 131 1015 259 1097; x_wconf 90' lang='lat' dir='ltr'>insuper</span> <span class='ocrx_word' id='word_1_48' title='bbox 282 1013 402 1078; x_wconf 92' lang='lat' dir='ltr'>domini</span> <span class='ocrx_word' id='word_1_49' title='bbox 425 1014 552 1097; x_wconf 83' lang='lat' dir='ltr'>plebani</span> <span class='ocrx_word' id='word_1_50' title='bbox 575 1014 781 1099; x_wconf 84' lang='lat' dir='ltr'>magnificum</span> <span class='ocrx_word' id='word_1_51' title='bbox 804 1019 939 1080; x_wconf 89' lang='lat' dir='ltr'>statum:</span> <span class='ocrx_word' id='word_1_52' title='bbox 974 1038 1037 1079; x_wconf 91' lang='lat' dir='ltr'>uon</span> <span class='ocrx_word' id='word_1_53' title='bbox 1069 1016 1155 1080; x_wconf 90' lang='lat' dir='ltr'>enirn</span> <span class='ocrx_word' id='word_1_54' title='bbox 1186 1015 1282 1081; x_wconf 88' lang='lat' dir='ltr'>habet</span> 
     </span>
     <span class='ocr_line' id='line_1_8' title="bbox 131 1118 1280 1207; baseline 0.004 -25"><span class='ocrx_word' id='word_1_55' title='bbox 131 1122 251 1182; x_wconf 89' lang='lat' dir='ltr'>statum</span> <span class='ocrx_word' id='word_1_56' title='bbox 272 1118 401 1201; x_wconf 88' lang='lat' dir='ltr'>plebani</span> <span class='ocrx_word' id='word_1_57' title='bbox 425 1123 481 1182; x_wconf 89' lang='lat' dir='ltr'>aut</span> <span class='ocrx_word' id='word_1_58' title='bbox 503 1120 655 1198; x_wconf 88' lang='lat' dir='ltr'>canonici,</span> <span class='ocrx_word' id='word_1_59' title='bbox 679 1120 732 1182; x_wconf 91' lang='lat' dir='ltr'>sed</span> <span class='ocrx_word' id='word_1_60' title='bbox 749 1123 869 1184; x_wconf 90' lang='lat' dir='ltr'>statum</span> <span class='ocrx_word' id='word_1_61' title='bbox 885 1120 972 1185; x_wconf 93' lang='lat' dir='ltr'>ducit</span> <span class='ocrx_word' id='word_1_62' title='bbox 989 1121 1183 1187; x_wconf 86' lang='lat' dir='ltr'>abundantis</span> <span class='ocrx_word' id='word_1_63' title='bbox 1199 1123 1280 1207; x_wconf 92' lang='lat' dir='ltr'>epis·</span> 
     </span>
     <span class='ocr_line' id='line_1_9' title="bbox 130 1224 1280 1310; baseline 0.004 -23"><span class='ocrx_word' id='word_1_64' title='bbox 130 1225 210 1308; x_wconf 90' lang='lat' dir='ltr'>copi,</span> <span class='ocrx_word' id='word_1_65' title='bbox 234 1225 374 1308; x_wconf 91' lang='lat' dir='ltr'>quinque</span> <span class='ocrx_word' id='word_1_66' title='bbox 397 1224 518 1288; x_wconf 89' lang='lat' dir='ltr'>habeus</span> <span class='ocrx_word' id='word_1_67' title='bbox 540 1225 573 1288; x_wconf 92' lang='lat' dir='ltr'>in</span> <span class='ocrx_word' id='word_1_68' title='bbox 597 1225 684 1288; x_wconf 85' lang='lat' dir='ltr'>curia</span> <span class='ocrx_word' id='word_1_69' title='bbox 707 1225 867 1289; x_wconf 82' lang='lat' dir='ltr'>adiutores</span> <span class='ocrx_word' id='word_1_70' title='bbox 884 1230 915 1290; x_wconf 90' lang='lat' dir='ltr'>et</span> <span class='ocrx_word' id='word_1_71' title='bbox 936 1225 1092 1290; x_wconf 86' lang='lat' dir='ltr'>familiam</span> <span class='ocrx_word' id='word_1_72' title='bbox 1112 1227 1280 1310; x_wconf 84' lang='lat' dir='ltr'>copiosam,</span> 
     </span>
     <span class='ocr_line' id='line_1_10' title="bbox 131 1312 1281 1414; baseline 0.005 -23"><span class='ocrx_word' id='word_1_73' title='bbox 131 1350 187 1392; x_wconf 90' lang='lat' dir='ltr'>nec</span> <span class='ocrx_word' id='word_1_74' title='bbox 210 1333 316 1393; x_wconf 90' lang='lat' dir='ltr'>tamen</span> <span class='ocrx_word' id='word_1_75' title='bbox 346 1328 440 1392; x_wconf 91' lang='lat' dir='ltr'>aliam</span> <span class='ocrx_word' id='word_1_76' title='bbox 472 1329 685 1411; x_wconf 83' lang='lat' dir='ltr'>provisionem</span> <span class='ocrx_word' id='word_1_77' title='bbox 716 1329 814 1393; x_wconf 91' lang='lat' dir='ltr'>habet</span> <span class='ocrx_word' id='word_1_78' title='bbox 846 1312 902 1394; x_wconf 77' lang='lat' dir='ltr'>aut</span> <span class='ocrx_word' id='word_1_79' title='bbox 925 1333 1188 1414; x_wconf 83' lang='lat' dir='ltr'>competentiam,</span> <span class='ocrx_word' id='word_1_80' title='bbox 1220 1333 1281 1397; x_wconf 91' lang='lat' dir='ltr'>nisi</span> 
     </span>
     <span class='ocr_line' id='line_1_11' title="bbox 130 1433 1280 1516; baseline 0.003 -18"><span class='ocrx_word' id='word_1_81' title='bbox 130 1457 260 1498; x_wconf 90' lang='lat' dir='ltr'>suorum</span> <span class='ocrx_word' id='word_1_82' title='bbox 292 1433 491 1497; x_wconf 90' lang='lat' dir='ltr'>subditorum</span> <span class='ocrx_word' id='word_1_83' title='bbox 520 1438 710 1516; x_wconf 88' lang='lat' dir='ltr'>spontaneas</span> <span class='ocrx_word' id='word_1_84' title='bbox 743 1434 929 1500; x_wconf 87' lang='lat' dir='ltr'>oblationes.</span> <span class='ocrx_word' id='word_1_85' title='bbox 986 1436 1105 1501; x_wconf 90' lang='lat' dir='ltr'>ldcirco</span> <span class='ocrx_word' id='word_1_86' title='bbox 1133 1441 1167 1502; x_wconf 87' lang='lat' dir='ltr'>et</span> <span class='ocrx_word' id='word_1_87' title='bbox 1196 1459 1280 1502; x_wconf 92' lang='lat' dir='ltr'>com·</span> 
     </span>
     <span class='ocr_line' id='line_1_12' title="bbox 131 1536 1279 1626; baseline 0.003 -23"><span class='ocrx_word' id='word_1_88' title='bbox 131 1540 270 1603; x_wconf 88' lang='lat' dir='ltr'>muniter</span> <span class='ocrx_word' id='word_1_89' title='bbox 285 1537 435 1622; x_wconf 87' lang='lat' dir='ltr'>parochia</span> <span class='ocrx_word' id='word_1_90' title='bbox 449 1536 507 1600; x_wconf 85' lang='lat' dir='ltr'>illa</span> <span class='ocrx_word' id='word_1_91' title='bbox 523 1538 625 1600; x_wconf 90' lang='lat' dir='ltr'>virum</span> <span class='ocrx_word' id='word_1_92' title='bbox 641 1538 738 1602; x_wconf 90' lang='lat' dir='ltr'>habet</span> <span class='ocrx_word' id='word_1_93' title='bbox 749 1538 887 1622; x_wconf 88' lang='lat' dir='ltr'>aliquem</span> <span class='ocrx_word' id='word_1_94' title='bbox 899 1541 1073 1626; x_wconf 78' lang='lat' dir='ltr'>egregium,</span> <span class='ocrx_word' id='word_1_95' title='bbox 1090 1562 1279 1625; x_wconf 87' lang='lat' dir='ltr'>generosum</span> 
     </span>
     <span class='ocr_line' id='line_1_13' title="bbox 131 1642 1002 1726; baseline 0.001 -19"><span class='ocrx_word' id='word_1_96' title='bbox 131 1648 162 1707; x_wconf 89' lang='lat' dir='ltr'>et</span> <span class='ocrx_word' id='word_1_97' title='bbox 184 1644 322 1721; x_wconf 91' lang='lat' dir='ltr'>doctum,</span> <span class='ocrx_word' id='word_1_98' title='bbox 346 1642 478 1726; x_wconf 86' lang='lat' dir='ltr'>dignum</span> <span class='ocrx_word' id='word_1_99' title='bbox 503 1646 534 1705; x_wconf 90' lang='lat' dir='ltr'>et</span> <span class='ocrx_word' id='word_1_100' title='bbox 557 1643 704 1706; x_wconf 89' lang='lat' dir='ltr'>meritum</span> <span class='ocrx_word' id='word_1_101' title='bbox 727 1648 818 1707; x_wconf 91' lang='lat' dir='ltr'>tanto</span> <span class='ocrx_word' id='word_1_102' title='bbox 842 1644 1002 1709; x_wconf 90' lang='lat' dir='ltr'>beneficio.</span> 
     </span>
    </p>

    <p class='ocr_par' dir='ltr' id='par_1_4' title="bbox 129 1746 1281 2339">
     <span class='ocr_line' id='line_1_14' title="bbox 218 1746 1278 1832; baseline 0.004 -20"><span class='ocrx_word' id='word_1_103' title='bbox 218 1747 349 1812; x_wconf 78' lang='lat' dir='ltr'>Sextum</span> <span class='ocrx_word' id='word_1_104' title='bbox 372 1751 420 1811; x_wconf 90' lang='lat' dir='ltr'>est</span> <span class='ocrx_word' id='word_1_105' title='bbox 443 1747 526 1830; x_wconf 90' lang='lat' dir='ltr'>quod</span> <span class='ocrx_word' id='word_1_106' title='bbox 548 1746 605 1811; x_wconf 89' lang='lat' dir='ltr'>illa</span> <span class='ocrx_word' id='word_1_107' title='bbox 628 1748 758 1812; x_wconf 88' lang='lat' dir='ltr'>ecclesia</span> <span class='ocrx_word' id='word_1_108' title='bbox 782 1750 902 1813; x_wconf 90' lang='lat' dir='ltr'>cunctis</span> <span class='ocrx_word' id='word_1_109' title='bbox 926 1751 1007 1830; x_wconf 90' lang='lat' dir='ltr'>aliis,</span> <span class='ocrx_word' id='word_1_110' title='bbox 1030 1750 1184 1816; x_wconf 87' lang='lat' dir='ltr'>audenter</span> <span class='ocrx_word' id='word_1_111' title='bbox 1199 1753 1278 1832; x_wconf 92' lang='lat' dir='ltr'>dico,</span> 
     </span>
     <span class='ocr_line' id='line_1_15' title="bbox 130 1852 1278 1940; baseline 0.003 -22"><span class='ocrx_word' id='word_1_112' title='bbox 130 1854 164 1918; x_wconf 94' lang='lat' dir='ltr'>in</span> <span class='ocrx_word' id='word_1_113' title='bbox 187 1858 256 1918; x_wconf 88' lang='lat' dir='ltr'>toto</span> <span class='ocrx_word' id='word_1_114' title='bbox 287 1852 522 1917; x_wconf 87' lang='lat' dir='ltr'>christianismo</span> <span class='ocrx_word' id='word_1_115' title='bbox 552 1854 753 1936; x_wconf 88' lang='lat' dir='ltr'>populosior,</span> <span class='ocrx_word' id='word_1_116' title='bbox 781 1853 925 1938; x_wconf 88' lang='lat' dir='ltr'>quamvis</span> <span class='ocrx_word' id='word_1_117' title='bbox 956 1855 1041 1919; x_wconf 90' lang='lat' dir='ltr'>enim</span> <span class='ocrx_word' id='word_1_118' title='bbox 1070 1857 1203 1940; x_wconf 83' lang='lat' dir='ltr'>grandis</span> <span class='ocrx_word' id='word_1_119' title='bbox 1226 1858 1278 1936; x_wconf 90' lang='lat' dir='ltr'>sit,</span> 
     </span>
     <span class='ocr_line' id='line_1_16' title="bbox 131 1956 1279 2043; baseline 0.003 -21"><span class='ocrx_word' id='word_1_120' title='bbox 131 1963 239 2024; x_wconf 89' lang='lat' dir='ltr'>tamen</span> <span class='ocrx_word' id='word_1_121' title='bbox 261 1957 385 2022; x_wconf 87' lang='lat' dir='ltr'>festivis</span> <span class='ocrx_word' id='word_1_122' title='bbox 409 1956 518 2021; x_wconf 90' lang='lat' dir='ltr'>diebus</span> <span class='ocrx_word' id='word_1_123' title='bbox 542 1962 589 2022; x_wconf 89' lang='lat' dir='ltr'>est</span> <span class='ocrx_word' id='word_1_124' title='bbox 612 1957 646 2021; x_wconf 92' lang='lat' dir='ltr'>in</span> <span class='ocrx_word' id='word_1_125' title='bbox 670 1959 833 2023; x_wconf 89' lang='lat' dir='ltr'>condensis</span> <span class='ocrx_word' id='word_1_126' title='bbox 857 1982 956 2043; x_wconf 92' lang='lat' dir='ltr'>usque</span> <span class='ocrx_word' id='word_1_127' title='bbox 979 1961 1019 2024; x_wconf 91' lang='lat' dir='ltr'>ad</span> <span class='ocrx_word' id='word_1_128' title='bbox 1041 1982 1139 2024; x_wconf 90' lang='lat' dir='ltr'>cornu</span> <span class='ocrx_word' id='word_1_129' title='bbox 1156 1962 1279 2041; x_wconf 88' lang='lat' dir='ltr'>altaris,</span> 
     </span>
     <span class='ocr_line' id='line_1_17' title="bbox 130 2062 1279 2148; baseline 0.002 -19"><span class='ocrx_word' id='word_1_130' title='bbox 130 2069 162 2129; x_wconf 89' lang='lat' dir='ltr'>et</span> <span class='ocrx_word' id='word_1_131' title='bbox 184 2065 246 2127; x_wconf 91' lang='lat' dir='ltr'>nisi</span> <span class='ocrx_word' id='word_1_132' title='bbox 269 2066 374 2128; x_wconf 87' lang='lat' dir='ltr'>esseut</span> <span class='ocrx_word' id='word_1_133' title='bbox 395 2062 605 2139; x_wconf 87' lang='lat' dir='ltr'>monasteria,</span> <span class='ocrx_word' id='word_1_134' title='bbox 629 2084 692 2125; x_wconf 92' lang='lat' dir='ltr'>non</span> <span class='ocrx_word' id='word_1_135' title='bbox 715 2068 822 2146; x_wconf 87' lang='lat' dir='ltr'>posset</span> <span class='ocrx_word' id='word_1_136' title='bbox 844 2085 954 2147; x_wconf 86' lang='lat' dir='ltr'>capere</span> <span class='ocrx_word' id='word_1_137' title='bbox 984 2065 1147 2148; x_wconf 90' lang='lat' dir='ltr'>populum.</span> <span class='ocrx_word' id='word_1_138' title='bbox 1192 2089 1279 2131; x_wconf 91' lang='lat' dir='ltr'>corn-</span> 
     </span>
     <span class='ocr_line' id='line_1_18' title="bbox 129 2166 1281 2256; baseline 0.005 -24"><span class='ocrx_word' id='word_1_139' title='bbox 129 2168 220 2233; x_wconf 88' lang='lat' dir='ltr'>muni</span> <span class='ocrx_word' id='word_1_140' title='bbox 242 2191 335 2232; x_wconf 88' lang='lat' dir='ltr'>cursu</span> <span class='ocrx_word' id='word_1_141' title='bbox 358 2171 499 2251; x_wconf 89' lang='lat' dir='ltr'>tempore</span> <span class='ocrx_word' id='word_1_142' title='bbox 522 2166 663 2251; x_wconf 86' lang='lat' dir='ltr'>paschali</span> <span class='ocrx_word' id='word_1_143' title='bbox 693 2169 968 2234; x_wconf 90' lang='lat' dir='ltr'>communicantur</span> <span class='ocrx_word' id='word_1_144' title='bbox 991 2171 1077 2236; x_wconf 89' lang='lat' dir='ltr'>ultra</span> <span class='ocrx_word' id='word_1_145' title='bbox 1100 2173 1281 2256; x_wconf 91' lang='lat' dir='ltr'>quindecim</span> 
     </span>
     <span class='ocr_line' id='line_1_19' title="bbox 130 2273 531 2339; baseline -0.005 -1"><span class='ocrx_word' id='word_1_146' title='bbox 130 2275 218 2339; x_wconf 90' lang='lat' dir='ltr'>milia</span> <span class='ocrx_word' id='word_1_147' title='bbox 240 2273 405 2337; x_wconf 89' lang='lat' dir='ltr'>hominum</span> <span class='ocrx_word' id='word_1_148' title='bbox 430 2274 463 2336; x_wconf 92' lang='lat' dir='ltr'>in</span> <span class='ocrx_word' id='word_1_149' title='bbox 486 2295 531 2337; x_wconf 89' lang='grc'>00.</span> 
     </span>
    </p>

    <p class='ocr_par' dir='ltr' id='par_1_5' title="bbox 129 2378 1292 3285">
     <span class='ocr_line' id='line_1_20' title="bbox 218 2378 1283 2465; baseline 0.003 -21"><span class='ocrx_word' id='word_1_150' title='bbox 218 2378 406 2462; x_wconf 83' lang='lat' dir='ltr'>Septimum,</span> <span class='ocrx_word' id='word_1_151' title='bbox 430 2379 514 2462; x_wconf 93' lang='lat' dir='ltr'>quod</span> <span class='ocrx_word' id='word_1_152' title='bbox 537 2401 575 2442; x_wconf 86' lang='lat' dir='ltr'>ex</span> <span class='ocrx_word' id='word_1_153' title='bbox 597 2378 653 2442; x_wconf 91' lang='lat' dir='ltr'>illo</span> <span class='ocrx_word' id='word_1_154' title='bbox 678 2379 830 2462; x_wconf 89' lang='lat' dir='ltr'>sequitur,</span> <span class='ocrx_word' id='word_1_155' title='bbox 855 2384 902 2444; x_wconf 92' lang='grc'>001</span> <span class='ocrx_word' id='word_1_156' title='bbox 925 2381 1008 2465; x_wconf 92' lang='lat' dir='ltr'>quod</span> <span class='ocrx_word' id='word_1_157' title='bbox 1032 2383 1102 2464; x_wconf 90' lang='lat' dir='ltr'>ipsa</span> <span class='ocrx_word' id='word_1_158' title='bbox 1125 2382 1159 2445; x_wconf 91' lang='lat' dir='ltr'>in</span> <span class='ocrx_word' id='word_1_159' title='bbox 1175 2405 1283 2447; x_wconf 88' lang='lat' dir='ltr'>sacra·</span> 
     </span>
     <span class='ocr_line' id='line_1_21' title="bbox 132 2484 1283 2571; baseline 0.003 -22"><span class='ocrx_word' id='word_1_160' title='bbox 132 2490 311 2550; x_wconf 90' lang='lat' dir='ltr'>mentorum</span> <span class='ocrx_word' id='word_1_161' title='bbox 333 2507 394 2549; x_wconf 93' lang='lat' dir='ltr'>usu</span> <span class='ocrx_word' id='word_1_162' title='bbox 416 2488 464 2548; x_wconf 91' lang='lat' dir='ltr'>est</span> <span class='ocrx_word' id='word_1_163' title='bbox 486 2486 606 2548; x_wconf 91' lang='lat' dir='ltr'>cunctis</span> <span class='ocrx_word' id='word_1_164' title='bbox 630 2485 796 2569; x_wconf 83' lang='lat' dir='ltr'>frugalior.</span> <span class='ocrx_word' id='word_1_165' title='bbox 841 2484 926 2549; x_wconf 87' lang='lat' dir='ltr'>Nam</span> <span class='ocrx_word' id='word_1_166' title='bbox 942 2485 1093 2569; x_wconf 90' lang='lat' dir='ltr'>parochia</span> <span class='ocrx_word' id='word_1_167' title='bbox 1109 2508 1173 2550; x_wconf 92' lang='lat' dir='ltr'>non</span> <span class='ocrx_word' id='word_1_168' title='bbox 1190 2510 1283 2571; x_wconf 89' lang='lat' dir='ltr'>repe·</span> 
     </span>
     <span class='ocr_line' id='line_1_22' title="bbox 130 2589 1284 2675; baseline 0.003 -21"><span class='ocrx_word' id='word_1_169' title='bbox 130 2591 222 2669; x_wconf 81' lang='grc'>11101,</span> <span class='ocrx_word' id='word_1_170' title='bbox 246 2591 279 2653; x_wconf 88' lang='grc'>10</span> <span class='ocrx_word' id='word_1_171' title='bbox 303 2612 366 2673; x_wconf 89' lang='lat' dir='ltr'>qua</span> <span class='ocrx_word' id='word_1_172' title='bbox 388 2589 497 2653; x_wconf 89' lang='lat' dir='ltr'>dietim</span> <span class='ocrx_word' id='word_1_173' title='bbox 520 2593 570 2654; x_wconf 89' lang='lat' dir='ltr'>tot</span> <span class='ocrx_word' id='word_1_174' title='bbox 591 2591 681 2673; x_wconf 90' lang='lat' dir='ltr'>pueri</span> <span class='ocrx_word' id='word_1_175' title='bbox 711 2591 931 2674; x_wconf 87' lang='lat' dir='ltr'>baptizentur,</span> <span class='ocrx_word' id='word_1_176' title='bbox 963 2590 1284 2675; x_wconf 89' lang='lat' dir='ltr'>proportionabiliter</span> 
     </span>
     <span class='ocr_line' id='line_1_23' title="bbox 131 2695 1281 2779; baseline 0.002 -19"><span class='ocrx_word' id='word_1_177' title='bbox 131 2697 215 2760; x_wconf 89' lang='lat' dir='ltr'>enim</span> <span class='ocrx_word' id='word_1_178' title='bbox 237 2696 323 2759; x_wconf 92' lang='lat' dir='ltr'>omni</span> <span class='ocrx_word' id='word_1_179' title='bbox 347 2695 397 2759; x_wconf 90' lang='lat' dir='ltr'>die</span> <span class='ocrx_word' id='word_1_180' title='bbox 419 2696 560 2779; x_wconf 92' lang='lat' dir='ltr'>quinque</span> <span class='ocrx_word' id='word_1_181' title='bbox 582 2697 671 2779; x_wconf 87' lang='lat' dir='ltr'>pueri</span> <span class='ocrx_word' id='word_1_182' title='bbox 699 2696 900 2778; x_wconf 83' lang='lat' dir='ltr'>baptizantur</span> <span class='ocrx_word' id='word_1_183' title='bbox 922 2698 955 2759; x_wconf 93' lang='lat' dir='ltr'>in</span> <span class='ocrx_word' id='word_1_184' title='bbox 980 2696 1168 2779; x_wconf 88' lang='lat' dir='ltr'>baptisterio</span> <span class='ocrx_word' id='word_1_185' title='bbox 1192 2698 1281 2762; x_wconf 91' lang='lat' dir='ltr'>illius</span> 
     </span>
     <span class='ocr_line' id='line_1_24' title="bbox 131 2800 1280 2885; baseline 0.003 -21"><span class='ocrx_word' id='word_1_186' title='bbox 131 2800 278 2877; x_wconf 84' lang='lat' dir='ltr'>ecclesiae,</span> <span class='ocrx_word' id='word_1_187' title='bbox 301 2800 383 2884; x_wconf 92' lang='lat' dir='ltr'>quod</span> <span class='ocrx_word' id='word_1_188' title='bbox 408 2801 496 2884; x_wconf 85' lang='lat' dir='ltr'>regio</span> <span class='ocrx_word' id='word_1_189' title='bbox 518 2802 628 2865; x_wconf 91' lang='lat' dir='ltr'>decore</span> <span class='ocrx_word' id='word_1_190' title='bbox 651 2805 755 2866; x_wconf 87' lang='lat' dir='ltr'>exstat</span> <span class='ocrx_word' id='word_1_191' title='bbox 770 2806 927 2881; x_wconf 89' lang='lat' dir='ltr'>ornatum,</span> <span class='ocrx_word' id='word_1_192' title='bbox 951 2805 983 2866; x_wconf 91' lang='lat' dir='ltr'>et</span> <span class='ocrx_word' id='word_1_193' title='bbox 999 2824 1106 2866; x_wconf 91' lang='lat' dir='ltr'>omnes</span> <span class='ocrx_word' id='word_1_194' title='bbox 1121 2800 1280 2885; x_wconf 85' lang='lat' dir='ltr'>baptizati</span> 
     </span>
     <span class='ocr_line' id='line_1_25' title="bbox 130 2896 1292 2972; baseline 0.003 -3"><span class='ocrx_word' id='word_1_195' title='bbox 130 2909 283 2969; x_wconf 88' lang='lat' dir='ltr'>notantur</span> <span class='ocrx_word' id='word_1_196' title='bbox 299 2909 331 2966; x_wconf 86' lang='lat' dir='ltr'>et</span> <span class='ocrx_word' id='word_1_197' title='bbox 345 2904 572 2968; x_wconf 89' lang='lat' dir='ltr'>inscribuntur.</span> <span class='ocrx_word' id='word_1_198' title='bbox 612 2902 766 2969; x_wconf 86' lang='lat' dir='ltr'>Similiter</span> <span class='ocrx_word' id='word_1_199' title='bbox 783 2911 830 2970; x_wconf 89' lang='grc'>001</span> <span class='ocrx_word' id='word_1_200' title='bbox 846 2907 883 2970; x_wconf 89' lang='lat' dir='ltr'>de</span> <span class='ocrx_word' id='word_1_201' title='bbox 899 2907 1094 2971; x_wconf 84' lang='lat' dir='ltr'>confessione</span> <span class='ocrx_word' id='word_1_202' title='bbox 1110 2911 1142 2970; x_wconf 89' lang='lat' dir='ltr'>et</span> <span class='ocrx_word' id='word_1_203' title='bbox 1164 2896 1292 2972; x_wconf 71' lang='lat' dir='ltr'>eucha-&#39;</span> 
     </span>
     <span class='ocr_line' id='line_1_26' title="bbox 131 3009 1282 3095; baseline 0.003 -23"><span class='ocrx_word' id='word_1_204' title='bbox 131 3010 237 3087; x_wconf 88' lang='lat' dir='ltr'>ristia,</span> <span class='ocrx_word' id='word_1_205' title='bbox 269 3031 341 3074; x_wconf 89' lang='lat' dir='ltr'>raro</span> <span class='ocrx_word' id='word_1_206' title='bbox 373 3009 458 3073; x_wconf 92' lang='lat' dir='ltr'>enim</span> <span class='ocrx_word' id='word_1_207' title='bbox 488 3011 604 3073; x_wconf 89' lang='lat' dir='ltr'>transit</span> <span class='ocrx_word' id='word_1_208' title='bbox 626 3011 691 3073; x_wconf 92' lang='lat' dir='ltr'>dies</span> <span class='ocrx_word' id='word_1_209' title='bbox 720 3011 877 3074; x_wconf 91' lang='lat' dir='ltr'>dominica</span> <span class='ocrx_word' id='word_1_210' title='bbox 911 3012 989 3095; x_wconf 90' lang='lat' dir='ltr'>quin</span> <span class='ocrx_word' id='word_1_211' title='bbox 1020 3015 1136 3094; x_wconf 85' lang='lat' dir='ltr'>praeter</span> <span class='ocrx_word' id='word_1_212' title='bbox 1167 3012 1282 3077; x_wconf 87' lang='lat' dir='ltr'>missas</span> 
     </span>
     <span class='ocr_line' id='line_1_27' title="bbox 129 3114 1282 3199; baseline 0.002 -20"><span class='ocrx_word' id='word_1_213' title='bbox 129 3115 327 3179; x_wconf 87' lang='lat' dir='ltr'>sacerdotum</span> <span class='ocrx_word' id='word_1_214' title='bbox 350 3115 415 3177; x_wconf 88' lang='lat' dir='ltr'>sint</span> <span class='ocrx_word' id='word_1_215' title='bbox 437 3114 705 3178; x_wconf 87' lang='lat' dir='ltr'>communicantes</span> <span class='ocrx_word' id='word_1_216' title='bbox 728 3116 778 3182; x_wconf 85' lang='lat' dir='ltr'>vel</span> <span class='ocrx_word' id='word_1_217' title='bbox 800 3115 942 3199; x_wconf 84' lang='lat' dir='ltr'>gravidae</span> <span class='ocrx_word' id='word_1_218' title='bbox 964 3116 1013 3181; x_wconf 86' lang='lat' dir='ltr'>vel</span> <span class='ocrx_word' id='word_1_219' title='bbox 1028 3138 1173 3198; x_wconf 86' lang='lat' dir='ltr'>personae</span> <span class='ocrx_word' id='word_1_220' title='bbox 1189 3117 1282 3181; x_wconf 90' lang='lat' dir='ltr'>infir-</span> 
     </span>
     <span class='ocr_line' id='line_1_28' title="bbox 129 3219 470 3285; baseline -0.012 0"><span class='ocrx_word' id='word_1_221' title='bbox 129 3242 189 3285; x_wconf 88' lang='lat' dir='ltr'>mae</span> <span class='ocrx_word' id='word_1_222' title='bbox 211 3224 268 3283; x_wconf 90' lang='lat' dir='ltr'>aut</span> <span class='ocrx_word' id='word_1_223' title='bbox 290 3219 470 3283; x_wconf 86' lang='lat' dir='ltr'>devotariae.</span> 
     </span>
    </p>

    <p class='ocr_par' dir='ltr' id='par_1_6' title="bbox 126 3324 1281 4461">
     <span class='ocr_line' id='line_1_29' title="bbox 217 3324 1280 3411; baseline 0.003 -22"><span class='ocrx_word' id='word_1_224' title='bbox 217 3325 372 3389; x_wconf 87' lang='lat' dir='ltr'>Octavum</span> <span class='ocrx_word' id='word_1_225' title='bbox 396 3329 443 3388; x_wconf 90' lang='lat' dir='ltr'>est</span> <span class='ocrx_word' id='word_1_226' title='bbox 459 3346 652 3408; x_wconf 90' lang='lat' dir='ltr'>consequens</span> <span class='ocrx_word' id='word_1_227' title='bbox 669 3327 707 3389; x_wconf 90' lang='lat' dir='ltr'>ad</span> <span class='ocrx_word' id='word_1_228' title='bbox 724 3324 789 3405; x_wconf 91' lang='lat' dir='ltr'>illa,</span> <span class='ocrx_word' id='word_1_229' title='bbox 814 3329 897 3411; x_wconf 93' lang='lat' dir='ltr'>quod</span> <span class='ocrx_word' id='word_1_230' title='bbox 915 3327 1037 3392; x_wconf 84' lang='lat' dir='ltr'>excedit</span> <span class='ocrx_word' id='word_1_231' title='bbox 1054 3328 1086 3390; x_wconf 88' lang='grc'>10</span> <span class='ocrx_word' id='word_1_232' title='bbox 1104 3326 1280 3410; x_wconf 89' lang='lat' dir='ltr'>sepultura.</span> 
     </span>
     <span class='ocr_line' id='line_1_30' title="bbox 129 3429 1281 3515; baseline 0.005 -23"><span class='ocrx_word' id='word_1_233' title='bbox 129 3429 235 3494; x_wconf 89' lang='lat' dir='ltr'>Habet</span> <span class='ocrx_word' id='word_1_234' title='bbox 258 3431 342 3494; x_wconf 90' lang='lat' dir='ltr'>enim</span> <span class='ocrx_word' id='word_1_235' title='bbox 365 3431 516 3513; x_wconf 86' lang='grc'>1101001110</span> <span class='ocrx_word' id='word_1_236' title='bbox 537 3431 595 3494; x_wconf 87' lang='grc'>1110</span> <span class='ocrx_word' id='word_1_237' title='bbox 625 3436 741 3514; x_wconf 88' lang='lat' dir='ltr'>praeter</span> <span class='ocrx_word' id='word_1_238' title='bbox 771 3433 976 3515; x_wconf 87' lang='lat' dir='ltr'>particularia</span> <span class='ocrx_word' id='word_1_239' title='bbox 1009 3432 1185 3497; x_wconf 87' lang='lat' dir='ltr'>coemiteria</span> <span class='ocrx_word' id='word_1_240' title='bbox 1218 3435 1281 3498; x_wconf 95' lang='lat' dir='ltr'>duo</span> 
     </span>
     <span class='ocr_line' id='line_1_31' title="bbox 128 3536 1281 3618; baseline 0.003 -20"><span class='ocrx_word' id='word_1_241' title='bbox 128 3536 263 3618; x_wconf 81' lang='lat' dir='ltr'>grandia</span> <span class='ocrx_word' id='word_1_242' title='bbox 286 3537 469 3615; x_wconf 85' lang='lat' dir='ltr'>coemiteria,</span> <span class='ocrx_word' id='word_1_243' title='bbox 493 3560 592 3601; x_wconf 92' lang='lat' dir='ltr'>unum</span> <span class='ocrx_word' id='word_1_244' title='bbox 615 3542 706 3601; x_wconf 85' lang='lat' dir='ltr'>extra</span> <span class='ocrx_word' id='word_1_245' title='bbox 729 3539 768 3601; x_wconf 86' lang='lat' dir='ltr'>ad</span> <span class='ocrx_word' id='word_1_246' title='bbox 792 3559 898 3602; x_wconf 91' lang='lat' dir='ltr'>omues</span> <span class='ocrx_word' id='word_1_247' title='bbox 920 3537 1062 3617; x_wconf 90' lang='lat' dir='ltr'>Sanctos,</span> <span class='ocrx_word' id='word_1_248' title='bbox 1087 3538 1175 3602; x_wconf 89' lang='lat' dir='ltr'>aliud</span> <span class='ocrx_word' id='word_1_249' title='bbox 1194 3539 1281 3602; x_wconf 89' lang='lat' dir='ltr'>intra</span> 
     </span>
     <span class='ocr_line' id='line_1_32' title="bbox 128 3639 1280 3727; baseline 0.005 -25"><span class='ocrx_word' id='word_1_250' title='bbox 128 3639 219 3702; x_wconf 89' lang='lat' dir='ltr'>iuxta</span> <span class='ocrx_word' id='word_1_251' title='bbox 249 3640 448 3723; x_wconf 88' lang='lat' dir='ltr'>parochiam,</span> <span class='ocrx_word' id='word_1_252' title='bbox 482 3641 515 3704; x_wconf 92' lang='grc'>10</span> <span class='ocrx_word' id='word_1_253' title='bbox 548 3642 663 3724; x_wconf 90' lang='lat' dir='ltr'>quibus</span> <span class='ocrx_word' id='word_1_254' title='bbox 695 3642 851 3724; x_wconf 88' lang='lat' dir='ltr'>quottidie</span> <span class='ocrx_word' id='word_1_255' title='bbox 881 3642 1030 3707; x_wconf 90' lang='lat' dir='ltr'>laborant</span> <span class='ocrx_word' id='word_1_256' title='bbox 1063 3642 1280 3727; x_wconf 86' lang='lat' dir='ltr'>pollinctores.</span> 
     </span>
     <span class='ocr_line' id='line_1_33' title="bbox 129 3742 1279 3833; baseline 0.005 -26"><span class='ocrx_word' id='word_1_257' title='bbox 129 3742 345 3807; x_wconf 82' lang='lat' dir='ltr'>Coemiterium</span> <span class='ocrx_word' id='word_1_258' title='bbox 368 3750 458 3808; x_wconf 87' lang='lat' dir='ltr'>extra</span> <span class='ocrx_word' id='word_1_259' title='bbox 480 3744 577 3809; x_wconf 92' lang='lat' dir='ltr'>habet</span> <span class='ocrx_word' id='word_1_260' title='bbox 601 3745 814 3829; x_wconf 89' lang='lat' dir='ltr'>poliandrium</span> <span class='ocrx_word' id='word_1_261' title='bbox 847 3748 924 3811; x_wconf 89' lang='lat' dir='ltr'>adeo</span> <span class='ocrx_word' id='word_1_262' title='bbox 954 3748 1078 3812; x_wconf 88' lang='lat' dir='ltr'>ossibus</span> <span class='ocrx_word' id='word_1_263' title='bbox 1111 3749 1279 3833; x_wconf 88' lang='lat' dir='ltr'>repletum,</span> 
     </span>
     <span class='ocr_line' id='line_1_34' title="bbox 129 3848 1272 3938; baseline 0.005 -27"><span class='ocrx_word' id='word_1_264' title='bbox 129 3869 164 3911; x_wconf 90' lang='lat' dir='ltr'>ac</span> <span class='ocrx_word' id='word_1_265' title='bbox 181 3848 207 3910; x_wconf 91' lang='lat' dir='ltr'>si</span> <span class='ocrx_word' id='word_1_266' title='bbox 223 3849 325 3912; x_wconf 88' lang='lat' dir='ltr'>omnis</span> <span class='ocrx_word' id='word_1_267' title='bbox 342 3848 457 3914; x_wconf 85' lang='lat' dir='ltr'>Suevia</span> <span class='ocrx_word' id='word_1_268' title='bbox 472 3872 542 3914; x_wconf 87' lang='lat' dir='ltr'>ossa</span> <span class='ocrx_word' id='word_1_269' title='bbox 557 3873 687 3915; x_wconf 91' lang='lat' dir='ltr'>suorum</span> <span class='ocrx_word' id='word_1_270' title='bbox 703 3851 925 3916; x_wconf 89' lang='lat' dir='ltr'>defunctorum</span> <span class='ocrx_word' id='word_1_271' title='bbox 940 3853 975 3916; x_wconf 93' lang='lat' dir='ltr'>in</span> <span class='ocrx_word' id='word_1_272' title='bbox 991 3876 1062 3917; x_wconf 90' lang='lat' dir='ltr'>eum</span> <span class='ocrx_word' id='word_1_273' title='bbox 1078 3858 1272 3938; x_wconf 81' lang='lat' dir='ltr'>congereret.</span> 
     </span>
     <span class='ocr_line' id='line_1_35' title="bbox 127 3953 1278 4041; baseline 0.004 -24"><span class='ocrx_word' id='word_1_274' title='bbox 127 3953 247 4017; x_wconf 89' lang='lat' dir='ltr'>Dicunt</span> <span class='ocrx_word' id='word_1_275' title='bbox 269 3956 374 4017; x_wconf 86' lang='lat' dir='ltr'>autem</span> <span class='ocrx_word' id='word_1_276' title='bbox 391 3955 572 4037; x_wconf 87' lang='lat' dir='ltr'>sepelitores</span> <span class='ocrx_word' id='word_1_277' title='bbox 589 3960 796 4035; x_wconf 87' lang='lat' dir='ltr'>mortuorum,</span> <span class='ocrx_word' id='word_1_278' title='bbox 821 3957 904 4041; x_wconf 91' lang='lat' dir='ltr'>quod</span> <span class='ocrx_word' id='word_1_279' title='bbox 921 3958 996 4020; x_wconf 92' lang='lat' dir='ltr'>dum</span> <span class='ocrx_word' id='word_1_280' title='bbox 1019 3957 1147 4022; x_wconf 83' lang='lat' dir='ltr'>fodiunt</span> <span class='ocrx_word' id='word_1_281' title='bbox 1176 3959 1221 4022; x_wconf 93' lang='lat' dir='ltr'>ibi</span> <span class='ocrx_word' id='word_1_282' title='bbox 1245 3958 1278 4021; x_wconf 91' lang='lat' dir='ltr'>in</span> 
     </span>
     <span class='ocr_line' id='line_1_36' title="bbox 128 4058 1279 4145; baseline 0.004 -24"><span class='ocrx_word' id='word_1_283' title='bbox 128 4058 239 4135; x_wconf 91' lang='lat' dir='ltr'>altum,</span> <span class='ocrx_word' id='word_1_284' title='bbox 264 4058 381 4141; x_wconf 90' lang='lat' dir='ltr'>ubique</span> <span class='ocrx_word' id='word_1_285' title='bbox 404 4059 569 4142; x_wconf 80' lang='lat' dir='ltr'>attingunt</span> <span class='ocrx_word' id='word_1_286' title='bbox 594 4060 790 4125; x_wconf 88' lang='lat' dir='ltr'>firmissimos</span> <span class='ocrx_word' id='word_1_287' title='bbox 813 4083 939 4139; x_wconf 90' lang='lat' dir='ltr'>muros,</span> <span class='ocrx_word' id='word_1_288' title='bbox 973 4066 1051 4145; x_wconf 90' lang='lat' dir='ltr'>puta</span> <span class='ocrx_word' id='word_1_289' title='bbox 1073 4062 1279 4126; x_wconf 86' lang='lat' dir='ltr'>fundamenta</span> 
     </span>
     <span class='ocr_line' id='line_1_37' title="bbox 128 4163 1278 4250; baseline 0.004 -23"><span class='ocrx_word' id='word_1_290' title='bbox 128 4164 242 4247; x_wconf 88' lang='lat' dir='ltr'>prioris</span> <span class='ocrx_word' id='word_1_291' title='bbox 266 4163 403 4228; x_wconf 85' lang='lat' dir='ltr'>ecclesiae</span> <span class='ocrx_word' id='word_1_292' title='bbox 426 4164 633 4247; x_wconf 86' lang='lat' dir='ltr'>parochialis,</span> <span class='ocrx_word' id='word_1_293' title='bbox 668 4188 738 4249; x_wconf 83' lang='lat' dir='ltr'>quae</span> <span class='ocrx_word' id='word_1_294' title='bbox 761 4166 846 4230; x_wconf 90' lang='lat' dir='ltr'>haud</span> <span class='ocrx_word' id='word_1_295' title='bbox 870 4165 1001 4230; x_wconf 90' lang='lat' dir='ltr'>dubium</span> <span class='ocrx_word' id='word_1_296' title='bbox 1033 4166 1174 4250; x_wconf 83' lang='lat' dir='ltr'>gloriosa</span> <span class='ocrx_word' id='word_1_297' title='bbox 1206 4168 1278 4246; x_wconf 80' lang='lat' dir='ltr'>fuit,</span> 
     </span>
     <span class='ocr_line' id='line_1_38' title="bbox 127 4269 1276 4353; baseline 0.007 -22"><span class='ocrx_word' id='word_1_298' title='bbox 127 4271 164 4331; x_wconf 90' lang='lat' dir='ltr'>ut</span> <span class='ocrx_word' id='word_1_299' title='bbox 187 4269 325 4351; x_wconf 90' lang='lat' dir='ltr'>produnt</span> <span class='ocrx_word' id='word_1_300' title='bbox 354 4269 533 4333; x_wconf 87' lang='lat' dir='ltr'>artificiosae</span> <span class='ocrx_word' id='word_1_301' title='bbox 561 4271 733 4353; x_wconf 85' lang='lat' dir='ltr'>sculpturae</span> <span class='ocrx_word' id='word_1_302' title='bbox 763 4273 801 4335; x_wconf 91' lang='lat' dir='ltr'>de</span> <span class='ocrx_word' id='word_1_303' title='bbox 831 4294 867 4334; x_wconf 91' lang='lat' dir='ltr'>ea</span> <span class='ocrx_word' id='word_1_304' title='bbox 890 4271 1055 4336; x_wconf 73' lang='lat' dir='ltr'>translatae</span> <span class='ocrx_word' id='word_1_305' title='bbox 1086 4277 1118 4336; x_wconf 90' lang='lat' dir='ltr'>et</span> <span class='ocrx_word' id='word_1_306' title='bbox 1149 4275 1276 4338; x_wconf 84' lang='lat' dir='ltr'>insertae</span> 
     </span>
     <span class='ocr_line' id='line_1_39' title="bbox 126 4372 1276 4461; baseline 0.003 -25"><span class='ocrx_word' id='word_1_307' title='bbox 126 4373 226 4436; x_wconf 89' lang='lat' dir='ltr'>muris</span> <span class='ocrx_word' id='word_1_308' title='bbox 249 4372 335 4454; x_wconf 81' lang='lat' dir='ltr'>illius</span> <span class='ocrx_word' id='word_1_309' title='bbox 359 4375 517 4438; x_wconf 85' lang='lat' dir='ltr'>modernae</span> <span class='ocrx_word' id='word_1_310' title='bbox 542 4375 678 4440; x_wconf 85' lang='lat' dir='ltr'>ecclesiae</span> <span class='ocrx_word' id='word_1_311' title='bbox 701 4399 795 4460; x_wconf 90' lang='lat' dir='ltr'>super</span> <span class='ocrx_word' id='word_1_312' title='bbox 811 4377 893 4440; x_wconf 90' lang='lat' dir='ltr'>ostia</span> <span class='ocrx_word' id='word_1_313' title='bbox 909 4377 1026 4455; x_wconf 87' lang='lat' dir='ltr'>omnia,</span> <span class='ocrx_word' id='word_1_314' title='bbox 1051 4377 1179 4461; x_wconf 90' lang='lat' dir='ltr'>dempto</span> <span class='ocrx_word' id='word_1_315' title='bbox 1196 4378 1276 4442; x_wconf 89' lang='lat' dir='ltr'>ostio</span> 
     </span>
    </p>
   </div>
   <div class='ocr_carea' id='block_1_3' title="bbox 0 0 1408 4964">
    <p class='ocr_par' dir='ltr' id='par_1_7' title="bbox 0 0 1408 4964">
     <span class='ocr_line' id='line_1_40' title="bbox 0 0 1408 4964; baseline 0 1"><span class='ocrx_word' id='word_1_316' title='bbox 0 0 1408 4964; x_wconf 95' lang='lat' dir='ltr'> </span> 
     </span>
    </p>
   </div>
  </div>
 </body>
</html>
