2806 4964
676 333 716 402 31

122 512 225 596 primo
250 512 403 578 suburbia
425 514 574 592 incendit,
599 513 710 578 deinde
733 513 888 578 machinis
911 534 1019 576 muros
1042 513 1197 596 impetens
1221 534 1273 577 eos

122 615 269 700 pluribus
292 619 326 681 in
349 618 494 701 partibus
517 619 621 702 rupit,
654 619 845 702 tandemque
873 618 956 700 cepit
987 622 1019 682 11
1044 616 1274 681 munitionibus

125 722 255 787 deiectis
278 723 441 788 civitatem
457 725 623 799 destruxit,
648 729 680 788 11
695 723 806 787 multis
822 723 943 787 civibus
963 722 1138 787 interfectis
1154 727 1273 787 ceteros

122 828 306 911 captivavit,
331 828 410 892 alios
428 829 585 912 dispersit,
609 832 641 894 et
663 829 710 893 ita
733 851 783 892 res
806 827 934 911 publica
957 827 1157 893 Ulmeusium
1172 827 1205 891 in
1222 828 1272 890 ni·

124 932 225 996 hilum
251 932 377 998 redacta
400 937 457 999 est.
503 932 675 1017 Dissipatis
697 954 773 1017 ergo
797 931 999 997 Ulmeusibus
1022 936 1151 996 vocatus
1174 932 1274 1016 impe·

123 1041 212 1101 rator
235 1060 255 1101 a
286 1060 370 1121 papa
400 1038 534 1102 intravit
564 1036 711 1117 Italiam,
745 1037 853 1121 ibique
885 1037 1021 1101 existens
1050 1041 1193 1101 mortuus
1226 1041 1274 1101 est

123 1141 268 1206 Veronae.
325 1141 394 1216 Quo
422 1142 572 1207 defuncto
604 1142 792 1227 congregati
820 1143 976 1226 principes
1008 1143 1157 1207 electores
1189 1165 1272 1206 anno
1282 1136 1371 1215 110111,

123 1248 244 1311 domini
269 1248 352 1313 1138
383 1249 578 1312 unanimiter
606 1248 793 1332 praedictum
821 1249 931 1312 ducem
955 1246 1077 1314 Sueviae
1110 1247 1275 1332 elegerunt

123 1353 155 1416 in
178 1351 397 1417 Romanorum
420 1375 545 1437 regem,
575 1352 763 1418 Conradum.
809 1353 925 1417 Factus
957 1375 1033 1439 ergo
1063 1376 1117 1417 rex
1142 1352 1274 1420 Ulmen·

123 1459 210 1522 sibus
235 1461 365 1541 propter
381 1477 413 1521 se
429 1457 585 1521 excidium
608 1458 709 1541 passis
724 1459 871 1523 misertus
887 1459 1076 1523 reaedificare
1091 1482 1179 1523 suam
1197 1459 1274 1522 civi·

123 1567 223 1627 tatem
246 1563 397 1645 praecepit
418 1566 450 1626 et
472 1562 573 1626 multa
608 1563 744 1627 contulit
775 1563 956 1647 privilegia,
986 1564 1094 1648 eisque
1120 1562 1154 1626 in
1185 1564 1275 1627 adiu-

124 1668 245 1731 torium
267 1667 374 1751 plures
396 1666 593 1731 laboratores
616 1667 713 1731 misit.
760 1666 893 1751 Insuper
926 1667 1020 1731 multi
1053 1668 1174 1732 nobiles
1203 1690 1274 1733 oum

125 1773 168 1838 eis
192 1771 476 1845 adaedificandum
499 1775 713 1834 convenerunt
743 1775 775 1835 et
805 1771 900 1835 multi
927 1773 965 1835 de
998 1771 1069 1835 aliis
1091 1772 1274 1837 civitatibus

122 1878 206 1943 cives
223 1877 263 1941 ad
276 1899 329 1941 eos
344 1876 643 1960 commigraverunt,
668 1875 940 1960 collectaquoque
956 1881 1004 1941 est
1019 1877 1149 1962 grandis
1166 1876 1275 1941 multi-

124 1983 201 2047 tudo
224 1982 265 2047 ad
297 1982 537 2047 instaurandam
568 1982 761 2046 destructam
795 1981 933 2047 Ulmam.
989 1981 1141 2046 Videntes
1169 1988 1275 2049 autem

124 2088 292 2154 Ulmenses
320 2088 566 2166 multitudinem,
590 2088 729 2152 favorem
754 2090 787 2152 et
806 2085 899 2152 forte
914 2088 1117 2166 adiutorium,
1141 2088 1275 2152 animati

125 2198 209 2272 sunt,
234 2198 353 2260 1111111
377 2193 544 2277 antiquum
568 2193 717 2276 oppidum
744 2193 824 2257 exile
848 2197 879 2257 et
903 2216 1054 2277 parvum,
1083 2194 1136 2258 sed
1159 2216 1274 2257 novam

122 2301 233 2364 urbem
267 2299 422 2364 aedificare
451 2298 665 2363 decreverunt.
719 2298 780 2363 Die
808 2320 884 2383 ergo
912 2303 1048 2377 statuto,
1077 2298 1203 2383 populis
1235 2299 1274 2362 ad

123 2404 333 2469 laborandum
356 2403 494 2487 paratis,
523 2403 641 2467 iunctis
664 2403 765 2467 bobus
789 2407 895 2468 aratro
918 2404 1083 2467 1111111111
1107 2403 1274 2468 Danubii1

124 2510 227 2574 lutum
251 2509 373 2574 sulcare
395 2511 559 2591 coeperunt
581 2530 638 2590 per
660 2528 776 2592 gyrum
801 2508 925 2592 antiqui
949 2508 1057 2591 oppidi
1075 2506 1211 2572 multum
1234 2508 1274 2572 ab

126 2614 211 2678 omni
235 2617 327 2698 parte
349 2613 488 2696 spatium
512 2612 662 2676 urbantes
689 2611 772 2676 ultra
795 2613 948 2676 terminos
972 2613 1111 2696 antiquae
1135 2611 1274 2677 civitatis

123 2718 277 2801 usquein
301 2716 397 2780 aliam
419 2715 560 2779 Danubii
583 2719 725 2799 partem..
763 2715 908 2800 Spatium
932 2718 1016 2781 enim
1034 2717 1173 2801 antiquae
1196 2717 1274 2780 civi-

124 2823 198 2886 tatis
223 2844 287 2886 non
310 2821 464 2885 eratnisi
487 2821 621 2884 duorum
635 2820 759 2884 milium
782 2825 814 2885 et
837 2826 962 2885 centum
986 2844 1137 2905 passuum
1152 2819 1175 2900 ²,
1199 2844 1274 2886 oon-

125 2927 297 2992 numeratis
327 2925 473 3008 passibus
505 2925 602 2988 etiam
633 2923 719 2988 illius
753 2924 862 2989 lateris
894 2926 948 2989 ubi
977 2927 1143 2991 Danubius
1172 2927 1271 2990 muris

124 3031 278 3116 iungitur,
302 3032 386 3116 quod
409 3031 494 3095 arari
516 3030 643 3114 quidem
666 3035 772 3095 aratro
788 3053 851 3095 non
874 3036 989 3114 potest,
1014 3034 1067 3097 sed
1086 3032 1189 3097 cimba
1204 3033 1271 3097 sul-

123 3139 194 3202 cari.
242 3137 329 3202 Ε11ὃ
355 3140 461 3201 autem
484 3135 744 3201 considerandum
778 3137 860 3220 quod
889 3137 1028 3220 duplices
1051 3142 1127 3201 sunt
1148 3159 1270 3220 passus,

122 3265 232 3324 passus
256 3241 376 3306 seilicet
399 3263 579 3306 communes
596 3241 823 3305 ambulationis
839 3244 871 3306 et
886 3264 997 3326 passus
1013 3241 1269 3321 mensurationis

122 3369 231 3429 passus
256 3347 317 3410 duo
342 3345 506 3429 deprimis
522 3344 646 3408 faciunt
669 3367 767 3408 unum
784 3346 821 3409 de
836 3346 989 3423 secundia,
1008 3346 1051 3409 'de
1066 3345 1179 3429 primis
1194 3367 1270 3430 ergo

123 3451 218 3516 habet
241 3451 338 3516 Ulma
361 3473 415 3515 sex
446 3449 536 3513 milia
559 3453 591 3512 et
615 3449 863 3535 quadringentos
895 3471 1024 3532 passus,
1059 3450 1096 3514 de
1126 3453 1270 3516 secundis

124 3580 196 3621 vero
220 3558 317 3621 habet
340 3556 403 3620 tria
425 3554 515 3618 milia
537 3559 568 3618 et
591 3555 759 3633 ducentos,
788 3556 843 3638 qui
876 3555 998 3619 faciunt
1026 3531 1146 3641 viginti
1175 3558 1270 3641 quin·

124 3686 181 3747 que
213 3662 316 3726 stadia
353 3665 385 3725 et
421 3660 626 3744 septuaginta
663 3661 802 3744 quinque
837 3683 947 3744 passus
986 3664 1231 3728 mensurationis
1246 3665 1269 3730 ⁴.

690 3817 702 3842 ὴ

194 3887 339 3942 lhiatum
358 3886 439 3942 Gold.
458 3889 497 3941 ut.
518 3888 590 3944 Mon.
612 3889 635 3941 1.
712 3889 812 3941 aas.
838 3889 879 3942 19.
965 3890 1216 3948 3111111111..
1238 3931 1270 3946 ..

126 3973 449 4045 septuagintaquinque
472 3991 570 4043 passus
597 3975 813 4029 mensurationis
832 3975 903 4028 fehlt
928 3976 970 4030 bei
990 3976 1070 4032 Gold.
1089 3981 1128 4033 ut.
1149 3978 1206 4030 und
1226 3979 1269 4032 bei

124 4061 193 4117 Mon.
214 4062 244 4124 1;
266 4059 409 4115 vielleioht
427 4061 515 4115 durch
534 4062 578 4117 ein
601 4061 741 4125 versehen,
760 4062 822 4115 weil
837 4062 886 4115 der
898 4062 1032 4130 folgende
1051 4067 1111 4118 sata
1132 4065 1270 4119 ebenfalls

125 4147 172 4202 nit
193 4149 242 4201 1111
261 4149 357 4202 autem
376 4149 506 4219 anfangt.
653 4153 669 4202 4
709 4150 867 4203 Istud:
905 4151 954 4205 125
974 4169 1045 4219 pass.
1065 4167 1164 4212 mens.;

696 4238 729 4290 25
772 4258 785 4285 s
831 4259 866 4284 =
885 4239 953 4292 3125
1003 4262 1014 4285 ι
1098 4259 1111 4286 ›

827 4325 965 4408 1-1

824 4413 947 4468 --3200
1001 4434 1014 4461 s
1094 4433 1107 4460 ›
