2798 4950
668 291 711 357 76

118 464 271 549 ignobilis
293 464 477 548 aequalibus
501 465 623 529 meritis
645 469 678 530 et
701 466 834 531 scientia
856 473 1064 547 concurrunt,
1090 471 1266 553 praefertur

120 569 247 648 nobilis,
272 569 347 653 quia
369 569 505 654 gradum
528 570 636 649 addit,
666 572 844 654 praesertim
867 573 892 637 si
917 574 1003 637 locus
1025 573 1209 656 praelaturae
1230 575 1266 640 sit

118 673 304 747 bellicosus;
328 678 364 737 ut
386 676 424 738 de
441 680 512 739 actu
537 675 752 759 praelatorum
769 677 810 740 10
834 676 851 758 ᾗ
880 680 927 741 ll.
973 674 1130 741 Similiter
1153 678 1201 743 sic
1223 681 1265 743 f-

118 781 207 845 ciunt
229 779 387 863 principes
409 780 585 859 saculares,
608 786 645 845 ut
660 780 796 864 legimus
820 781 852 843 in
876 780 1101 845 vetustissimis
1125 785 1264 864 cronicis,

96 960 101 970 Ι
120 885 175 970 qui
188 879 356 968 imperium
372 883 589 949 Romanorum
599 886 650 950 vel
666 885 850 970 frequenter
865 887 898 949 in
913 885 1103 950 illustriores
1120 910 1267 970 personas

118 988 348 1053 studiosissime
379 990 613 1053 transtulerunt
645 989 799 1073 usquein
833 989 919 1052 hunc
942 990 1035 1054 diem.
1074 991 1175 1056 etiam
1198 1000 1267 1059 ante

116 1093 358 1158 translationem
372 1093 509 1176 imperii,
534 1094 608 1158 dum
626 1094 945 1178 adhucimperatores
961 1096 1002 1159 ab
1018 1097 1161 1161 exercitu
1173 1099 1266 1184 elige·

121 1199 255 1277 bantur,
284 1198 412 1262 nonnisi
435 1199 580 1282 generosi
613 1200 741 1263 fuerunt
764 1199 873 1276 electi3
907 1200 1035 1282 dempto
1058 1201 1265 1283 Diocletiano,

120 1306 174 1389 qui
198 1304 332 1389 augurio
363 1303 551 1368 daemonum
585 1303 648 1367 fuit
678 1303 796 1368 electus
826 1309 857 1369 et
879 1304 1053 1368 inhumana
1082 1308 1267 1374 crudelitate

118 1410 219 1489 rexit,
253 1414 289 1474 ut
312 1414 418 1493 patet,
449 1412 504 1495 qui
526 1410 590 1474 fuit
611 1409 766 1486 rusticus;
802 1413 834 1472 et
856 1408 973 1487 Phoca,
996 1411 1052 1494 qui
1074 1411 1266 1479 stabularius

119 1514 280 1579 cuiusdam
305 1516 431 1600 patricii
457 1514 592 1579 Romani
614 1514 648 1577 in
671 1513 825 1578 seditione
847 1513 982 1577 militari
1004 1514 1067 1579 fuit
1088 1517 1210 1584 electus
1231 1521 1267 1584 ad

118 1618 297 1702 imperium,
321 1641 383 1704 quo
400 1620 515 1703 adepto
538 1620 676 1703 primum
699 1618 732 1680 in
748 1617 936 1700 spectabiles
959 1618 1044 1682 viros
1066 1620 1195 1704 imperii
1216 1623 1266 1687 de·

122 1723 223 1787 saevit
245 1729 277 1788 et
298 1724 415 1789 multos
450 1725 564 1788 occidit
586 1729 618 1788 et
649 1723 689 1787 ab
712 1721 838 1786 Eraclio
868 1723 1077 1806 interemptus
1100 1725 1174 1790 fuit.
1220 1726 1267 1791 Ad

120 1827 223 1892 instar
246 1850 321 1914 ergo
344 1830 564 1894 bellicosorum
587 1828 790 1893 ecclesiarum
812 1830 844 1891 et
872 1827 1108 1912 principatuum
1130 1853 1267 1898 commu·

121 1933 204 1997 nitas
221 1934 372 1998 ulmensis
396 1957 460 1999 non
487 1935 578 2018 eligit
601 1933 663 1997 uisi
678 1932 782 1996 virum
806 1933 845 1997 de
863 1933 929 1996 suis
951 1934 1113 2000 nobilibus
1137 1937 1265 2003 civibus.

120 2037 208 2102 Sicut
230 2038 324 2102 etiam
348 2039 471 2104 faciunt
493 2038 754 2113 communitates,
779 2059 850 2122 quae
873 2038 1068 2122 principatus
1091 2045 1213 2121 tenent,
1235 2047 1268 2106 ut

120 2145 329 2207 communitas
369 2145 537 2209 venetiaua
573 2147 605 2207 et
638 2143 834 2222 mediolana,
872 2166 943 2227 quae
977 2166 1042 2208 non
1075 2145 1202 2232 eligunt
1232 2147 1267 2212 ad

119 2248 300 2313 huiusmodi
316 2249 534 2334 gubernacula
559 2248 619 2312 nisi
638 2247 828 2333 insigniores
850 2247 1019 2340 nobilitate
1041 2250 1216 2330 decoratos,
1239 2256 1267 2316 et

120 2354 147 2416 si
171 2353 344 2418 defecerint
366 2354 490 2418 nobiles
514 2355 569 2429 eis,
593 2376 669 2418 mox
690 2375 789 2418 novos
803 2359 913 2419 creant
934 2355 1067 2435 nobileS,
1091 2359 1268 2443 principum

119 2458 224 2537 iussu,
259 2463 291 2522 et
326 2460 364 2523 de
395 2459 460 2523 illis
483 2459 545 2523 sibi
577 2460 687 2523 ducem
711 2460 920 2525 constituunt.
965 2459 1016 2524 Sic
1039 2464 1072 2524 et
1093 2460 1266 2528 Ulmenses.

122 2562 203 2628 Sunt
226 2569 380 2647 praterea
404 2564 520 2647 aliquae
543 2562 688 2628 civitates
711 2585 782 2648 quae
806 2585 844 2628 ex
859 2567 982 2628 statuto
1004 2587 1068 2630 uon
1091 2567 1219 2652 eligunt
1239 2569 1268 2632 iu

121 2672 276 2732 rectorem
298 2668 361 2731 nisi
376 2666 516 2733 nobilem
531 2668 666 2733 militem
688 2670 771 2733 sicut
786 2669 967 2754 Argentina
988 2675 1021 2735 et
1037 2670 1173 2752 Basilea,
1197 2674 1269 2758 quia

120 2773 292 2836 secundum
315 2772 543 2857 philosophum
565 2774 586 2837 4
609 2774 699 2857 polit.
724 2773 898 2858 principari
920 2775 1082 2855 nesciunt,
1117 2777 1172 2861 qui
1196 2758 1267 2842 seint

121 2877 212 2960 egeni
236 2882 269 2942 et
290 2877 378 2941 viles.
424 2878 474 2941 Ex
497 2877 645 2942 omnibus
676 2878 726 2943 his
748 2879 829 2943 moti
851 2880 976 2964 antiqui
998 2879 1167 2946 Ulmenses
1190 2905 1268 2947 non·

122 2981 184 3044 nisi
206 2982 245 3045 de
259 2981 324 3044 suis
347 2981 510 3046 nobilibus
524 2983 716 3067 magistrum
737 2984 871 3068 eligunt.
917 2984 962 3048 Et
983 2983 1031 3048 ita
1052 2986 1177 3051 nobiles
1200 3010 1267 3052 cum

121 3085 316 3150 zuuftalibus
339 3091 371 3150 et
393 3086 549 3152 zunftales
573 3110 645 3152 cum
667 3087 828 3152 nobilibus
849 3088 1062 3153 iuramentis¹
1085 3096 1161 3155 sunt
1183 3093 1267 3156 colli·

121 3191 201 3276 goti,
224 3195 260 3256 ut
283 3213 329 3271 ea,
353 3214 424 3277 quae
447 3213 485 3256 ex
501 3193 642 3277 antiquis
664 3193 945 3258 consuetudinibus
961 3194 1089 3279 utrique
1110 3197 1197 3279 parti
1219 3197 1267 3260 de-

121 3295 190 3361 bita
213 3298 297 3375 sunt,
321 3300 435 3360 neutra
458 3320 531 3380 pars
555 3298 647 3362 alteri
677 3299 894 3382 praeiudicium
918 3299 1036 3364 inferre
1059 3302 1184 3368 audeat.
1229 3303 1269 3366 nt

122 3402 198 3487 quia
220 3402 353 3485 antiqua
367 3402 594 3467 cousuetudine
616 3402 834 3468 introductum
849 3403 995 3479 habetur,
1019 3407 1101 3488 quod
1118 3408 1268 3492 magister

121 3507 237 3571 civium
260 3507 299 3571 de
321 3506 417 3570 tertio
440 3508 550 3572 ordine
572 3507 703 3593 eligitur
726 3512 878 3592 tauquam
901 3508 939 3572 de
953 3509 1175 3591 nobilioribus,
1203 3513 1267 3575 ideo

120 3614 210 3694 patet
232 3612 440 3695 propositum.

124 3850 186 3918 De
224 3855 412 3919 civibus
454 3857 597 3920 tertii
642 3858 825 3922 ordinis
866 3859 909 3921 iu
948 3858 1192 3943 singulari
1230 3862 1266 3922 et

567 3965 823 4030 nominatim.

210 4155 260 4218 Ex
283 4152 348 4218 iam
376 4155 468 4219 dictis
497 4159 586 4239 patet
615 4158 700 4239 quod
731 4157 843 4220 civitas
865 4156 1026 4222 Ulmensis
1058 4158 1183 4244 regitur
1215 4177 1262 4240 per
1289 4135 1295 4150 ⁹

689 4268 705 4304 *

193 4346 204 4398 l
226 4342 417 4398 Schwdrbrief.
455 4343 526 4397 Besa
546 4361 592 4398 am
610 4344 705 4400 rande.
