2806 4964
681 347 721 412 41

123 521 294 605 principali
328 521 513 585 occidentali
527 554 530 565 ss
544 521 634 584 iuxta
664 544 889 605 campanarum
921 523 1027 600 funes,
1064 525 1147 608 quod
1180 525 1277 590 habet
1288 526 1372 604 3225,

121 620 239 693 novam
262 627 476 712 sculpturam,
509 631 612 692 cetera
642 629 749 692 omnia
779 632 854 692 sunt
882 629 920 693 de
949 628 1082 712 antiqua
1114 631 1274 713 parochia.

122 731 160 796 In
183 733 331 797 interiori
354 754 429 796 vero
452 732 645 810 coemiterio,
669 733 744 796 dum
767 732 909 811 fodiunt,
945 733 1111 797 inveniunt
1142 734 1276 800 aedificia

123 837 333 901 subterranea
356 841 387 901 et
411 837 584 901 testudines
608 859 722 901 vacuas
746 838 883 916 etalio,
907 860 1040 922 quorum
1065 859 1160 903 causa
1181 840 1275 924 igno-

124 945 224 1008 ratur.
250 942 289 1006 de
312 941 427 1025 quibus
448 941 592 1006 homines
615 943 725 1006 mirari
746 944 865 1022 solent,
893 948 924 1007 et
953 945 1167 1009 cinerarium¹
1189 946 1275 1011 illius

123 1046 292 1112 coemiterii
315 1045 389 1111 olim
415 1047 478 1111 fuit
501 1048 663 1111 cellarium
687 1049 915 1113 monachorum
938 1047 1047 1114 Sancti
1064 1049 1192 1135 Georgii
1215 1051 1274 1115 sub

122 1152 246 1236 capella
269 1151 367 1216 sancti
393 1151 567 1216 Valentini.

209 1255 343 1322 Nonum
365 1255 527 1341 singulare
549 1255 635 1319 illius
660 1256 817 1340 parochiae
846 1262 893 1321 est
918 1280 1051 1343 magnus
1082 1259 1212 1323 affectus
1243 1264 1275 1323 et

123 1360 251 1425 dilectio
274 1361 539 1445 parochianorum
564 1362 603 1425 ad
626 1385 704 1425 eam.
753 1361 854 1426 Valde
883 1363 967 1427 enim
1001 1369 1067 1428 tam
1091 1364 1273 1429 consulatus

123 1487 219 1548 quam
242 1466 453 1530 communitas
475 1467 524 1530 illi
547 1466 732 1531 afficiuntur
754 1468 891 1532 ecclesiae
914 1469 995 1533 sicut
1018 1491 1083 1534 suae
1105 1469 1217 1548 matri,
1242 1473 1274 1534 et

123 1573 187 1633 tam
212 1570 356 1635 viventes
379 1593 475 1654 quam
498 1572 668 1636 morientes
692 1595 761 1637 eam
784 1573 943 1638 beneficiis
974 1574 1134 1639 honorant
1166 1579 1197 1638 et
1220 1575 1271 1638 de·

124 1677 245 1752 corant,
262 1679 432 1759 perpetuas
448 1676 610 1760 lampades
627 1678 802 1741 ordinando
818 1682 849 1741 et
865 1679 1081 1743 anniversaria
1096 1681 1273 1745 statuendo,

123 1800 193 1844 nam
221 1801 331 1844 omnes
354 1780 515 1864 lampades
538 1783 679 1865 antiquae
702 1782 856 1860 ecclesiae,
885 1805 956 1867 quae
980 1782 1070 1847 valde
1092 1784 1202 1848 multae
1226 1784 1274 1847 di-

122 1889 238 1948 cuntur
262 1885 378 1964 fuisse,
402 1887 434 1950 in
466 1887 676 1951 translatione
700 1888 766 1950 eius
790 1888 953 1971 abrogatae
975 1889 1105 1953 fuerunt
1137 1893 1169 1953 et
1199 1911 1274 1972 pro·

120 1994 236 2054 ventus
262 2012 299 2054 ex
322 1991 366 2054 eis
389 1990 423 2054 in
446 1994 638 2056 structuram
654 1991 741 2055 illius
758 1996 928 2070 cesserunt,
952 1993 996 2056 sic
1012 1997 1043 2057 et
1059 1993 1275 2056 anniversaria

118 2098 232 2158 uetera
248 2097 339 2158 extra
355 2096 528 2160 constituta
540 2096 670 2161 dimissa
680 2096 813 2160 fuerunt
828 2098 861 2160 in
874 2098 1010 2163 ecclesiae
1020 2121 1110 2163 novae
1121 2098 1272 2162 favorem.

209 2197 377 2264 Decimum
400 2204 431 2265 et
453 2201 603 2265 ultimum
627 2206 692 2281 est,
727 2203 808 2286 quod
837 2203 990 2287 plebanus
1018 2205 1104 2268 illius
1135 2203 1272 2268 ecclesiae

107 2304 249 2390 magnis
272 2305 450 2391 privilegiis
478 2307 597 2391 gaudet
628 2307 661 2371 in
685 2309 820 2372 ecclesiae
848 2308 990 2374 favorem
1023 2313 1054 2374 et
1085 2331 1175 2373 suam
1209 2332 1273 2373 non

107 2410 281 2474 modicam
305 2410 487 2489 utilitatem,
511 2434 584 2474 nam
608 2411 777 2476 interdicto
801 2435 819 2475 a
841 2413 910 2476 iure
939 2413 1004 2477 lato
1028 2417 1059 2477 et
1083 2413 1185 2496 posito
1208 2435 1273 2476 non

104 2517 284 2594 subiacet,
320 2539 415 2600 quam
448 2516 511 2580 cito
547 2517 678 2581 nuntius
710 2517 749 2580 ad
783 2518 963 2601 episcopum
998 2517 1272 2596 Constantiensem

104 2622 237 2685 missus
261 2625 351 2685 extra
374 2621 534 2686 civitatem
558 2622 693 2699 venerit3
724 2626 760 2685 ut
790 2627 867 2705 puta
890 2622 915 2685 si
939 2623 1083 2686 sacerdos
1108 2643 1272 2705 percussus

104 2729 174 2788 aut
199 2725 321 2789 occisus
346 2724 451 2804 fuerit,
475 2749 567 2804 mox,
590 2722 632 2790 ut¹
649 2727 720 2789 iura
743 2726 933 2809 disponunt,
958 2749 976 2789 a
998 2726 1113 2791 divinis
1137 2729 1271 2805 cessant,
1280 2742 1367 2822 &¹23²

104 2831 171 2895 sed
190 2829 307 2894 nuntio
322 2851 448 2914 egresso
463 2834 574 2895 contra
590 2830 809 2895 Constantiam
821 2834 1022 2896 reassumunt
1034 2831 1142 2895 divina
1155 2831 1269 2897 officia.

104 2933 201 3002 Item
226 2936 255 3000 si
278 2937 485 3001 coemiterium
509 2937 559 3001 vel
582 2937 711 3001 ecclesia
733 2935 904 3021 profanata
926 2936 1033 3015 fuerit,
1059 2938 1181 3001 occulte
1201 2960 1271 3002 eam

104 3045 227 3126 potest
250 3040 404 3124 plebanus
426 3065 482 3126 per
506 3043 665 3126 quandam
688 3064 803 3126 aquam
827 3041 1037 3106 reconciliare.
1081 3043 1165 3126 quod
1189 3046 1272 3106 certe

104 3146 333 3211 necessarium
355 3151 412 3226 est,
437 3146 512 3231 quia
534 3147 705 3212 multitudo
727 3147 837 3231 populi
860 3145 993 3210 confusa
1025 3151 1073 3210 est
1096 3169 1151 3230 per
1173 3147 1271 3225 varia,

108 3255 149 3315 et
173 3255 242 3315 stat
265 3251 394 3316 ecclesia
416 3257 488 3317 toto·
508 3254 558 3317 die
574 3258 693 3336 aperta,
717 3274 885 3336 perquam
909 3252 1012 3315 omnis
1035 3252 1130 3315 homo
1154 3252 1272 3314 transi·

108 3361 188 3420 tum
210 3357 299 3421 facit.
334 3362 382 3422 est
405 3380 529 3443 quoque
551 3359 585 3421 in
608 3381 645 3422 ea
667 3358 824 3422 tumultus
847 3357 970 3434 varius,
1004 3355 1141 3420 maxime
1163 3359 1271 3418 tamen

115 3461 197 3526 cleri
222 3461 334 3541 otiosi,
358 3464 412 3546 qui
435 3464 479 3527 ibi
504 3464 743 3528 conventionem
766 3467 798 3526 et
821 3461 1063 3526 collocutionem
1091 3459 1189 3522 habet
1220 3481 1270 3522 se·

116 3567 261 3630 cundum
284 3567 368 3650 quod
390 3568 423 3630 in
447 3591 481 3632 os
505 3568 645 3646 venerit,
676 3591 732 3652 per
765 3567 849 3651 quod
881 3564 1019 3628 multum
1051 3563 1155 3646 gloria
1183 3563 1271 3627 illius

117 3672 260 3736 ecclesiae
283 3672 509 3737 dehonestatur
532 3678 563 3738 et
586 3674 721 3757 populus
745 3671 835 3736 valde
867 3669 1107 3733 scandalizatur.
1155 3667 1215 3733 Sed
1239 3674 1271 3733 et

118 3776 332 3841 coemiterium
354 3777 500 3841 noctibus
523 3800 586 3842 non
610 3778 776 3853 clauditur,
801 3781 832 3840 et
854 3776 951 3838 timor
973 3779 1029 3849 est,
1053 3774 1118 3838 imo
1142 3774 1270 3838 indubi-

119 3885 189 3945 tata
212 3881 407 3964 experientia
429 3881 536 3960 habet,
561 3883 645 3966 quod
659 3881 761 3945 multa
778 3881 1020 3944 committantur
1042 3879 1182 3943 enormia
1198 3901 1270 3962 per·

122 4009 222 4071 saepe,
247 3986 363 4071 quibus
396 3987 482 4051 locus
512 4010 600 4052 sacer
629 3991 808 4051 exsecratus
839 3989 871 4050 et
901 3985 1089 4069 profanatus
1118 3983 1269 4048 redditur.

123 4090 194 4156 Ideo
217 4113 344 4157 necesse
367 4096 433 4171 est,
467 4093 639 4176 plebanum
671 4092 852 4177 aliquorum
884 4093 1011 4155 actuum
1044 4088 1270 4174 episcopalium

687 4234 704 4274 *

192 4339 203 4389 l
227 4335 388 4390 carnarium
418 4334 492 4390 Mon.
520 4337 542 4389 1.
583 4334 751 4389 cinerarium
776 4333 836 4388 Sch.
862 4334 905 4387 Kl.
950 4332 1090 4386 eruarium
1115 4327 1215 4392 Wibl.,
1240 4346 1270 4384 ao

127 4419 225 4479 konnte
243 4441 311 4478 man
332 4421 403 4476 auch
423 4421 512 4477 Sohm.
532 4422 622 4486 lesem
642 4438 670 4475 es
687 4419 768 4476 heisst
788 4420 855 4476 uber
875 4421 947 4475 wohl
966 4419 1037 4472 auch
1056 4415 1232 4470 cinerarium.
