2806 4964
677 354 722 437 ‘sa

211 542 273 610 llst
294 549 402 611 autem
425 543 547 610 familia
569 547 637 610 haec
659 547 821 631 bipartita.
867 545 942 613 Una
971 571 1046 632 pars
1076 547 1215 615 creditur
1237 572 1275 617 ex

127 649 268 716 Rhaetia
291 652 328 716 de
351 650 530 737 Ehingen¹
563 652 640 716 villa
667 657 737 716 orta
769 676 849 728 esse,
882 654 932 718 vel
963 659 1001 718 ut
1030 654 1134 719 verius
1163 656 1275 740 loquar

122 756 235 820 villam
258 757 299 820 ab
330 757 374 820 eis
408 761 516 821 ortum
537 757 672 834 habere,
705 756 738 819 in
770 780 833 841 qua
863 757 941 822 villa
969 759 1063 825 hodie
1093 761 1276 844 prominent

124 861 414 926 vetustissimorum
446 883 607 926 murorum
640 861 753 940 ruinae,
789 863 931 946 reliquiae
958 864 1054 928 castri
1088 870 1120 929 et
1154 865 1276 930 sedium

122 966 326 1030 dominorum
349 967 388 1031 de
409 966 581 1051 Ehingen,
617 989 635 1030 a
663 966 778 1050 quibus
811 965 844 1029 vi
874 967 1028 1031 bellorum
1056 969 1141 1051 pulsi
1172 971 1275 1033 curias

121 1070 303 1156 principum
334 1077 366 1136 et
394 1071 545 1136 comitum
575 1072 787 1155 sequebantur
816 1073 848 1135 in
883 1073 978 1135 armis
1009 1072 1203 1154 militantes,
1237 1098 1274 1138 ex

122 1177 241 1261 quibus
265 1199 346 1240 unus
369 1176 530 1261 generosis
546 1176 715 1241 comitibus
738 1179 775 1242 de
791 1178 971 1242 Heliastein
996 1179 1129 1243 adhaesit
1149 1181 1192 1244 eis
1209 1202 1274 1244 ser·

123 1281 213 1345 viens
237 1304 308 1346 cum
331 1281 397 1345 suis
420 1279 550 1345 armatis
581 1280 718 1346 famulis.
766 1283 827 1347 Hic
850 1287 977 1367 accepta
999 1306 1097 1348 uxore
1119 1284 1221 1348 nobili
1244 1289 1276 1348 et

121 1384 232 1450 liberis
254 1384 428 1469 procreatis
451 1386 484 1449 in
508 1386 645 1469 quadam
667 1387 863 1470 possessione
894 1388 1095 1452 dominorum
1124 1390 1275 1454 comitum

123 1492 161 1555 de
184 1490 367 1555 Heliastein
390 1490 548 1555 residebat
571 1490 701 1554 servitio
725 1492 875 1556 comitum
899 1493 1051 1570 intentus,
1076 1499 1143 1557 erat
1168 1499 1274 1558 autem

121 1594 178 1659 illa
201 1595 358 1679 possessio
381 1618 443 1659 non
467 1595 561 1679 longe
584 1619 603 1659 a
626 1595 702 1660 villa
724 1595 1013 1682 Herbrachtingen,
1037 1598 1093 1661 ubi
1114 1598 1148 1661 in
1164 1620 1275 1662 mona-

122 1700 221 1764 sterio
255 1700 479 1764 canonicorum
511 1700 706 1784 regularium
742 1704 910 1786 praedictus
940 1703 1085 1787 llhinger
1119 1704 1274 1768 aedificata

122 1806 246 1889 capella
262 1827 320 1889 pro
336 1828 369 1870 se
384 1808 416 1869 et
431 1805 496 1869 suis
512 1808 744 1872 successoribus
756 1808 953 1891 sepulturam
965 1809 1135 1888 ordinavit,
1152 1810 1275 1888 missas,

122 1910 288 1993 lampades
311 1915 343 1974 et
366 1913 535 1994 perpetuas
558 1912 755 1996 elemosynas
779 1915 943 1991 statuens,
977 1917 1074 1996 prout
1103 1913 1202 1977 moris
1226 1919 1275 1977 est

122 2037 316 2100 magnorum
349 2020 381 2079 et
413 2015 547 2079 divitum
580 2015 747 2080 nobilium.
801 2017 886 2081 Dum
921 2021 1027 2080 autem
1058 2016 1165 2100 plures
1198 2018 1275 2081 anni

121 2120 316 2184 transissent
338 2123 371 2184 et
393 2118 627 2204 Ehingerenses
650 2127 744 2206 grata
766 2123 896 2186 servitia
919 2122 1011 2186 dictis
1027 2122 1196 2185 comitibus
1213 2123 1274 2186 im·

120 2226 308 2310 penderent,
332 2228 403 2288 orta
425 2228 473 2288 cst
496 2225 546 2289 die
568 2226 705 2308 quadam
728 2227 841 2291 seditio
865 2227 999 2290 incuria
1015 2226 1215 2290 dominorum
1238 2228 1275 2291 de

120 2328 319 2407 Helfastein‚
336 2329 370 2392 in
386 2351 448 2413 qua
464 2352 546 2394 unus
562 2331 599 2394 de
614 2331 784 2395 comitibus
799 2331 1009 2415 interemptus
1021 2331 1092 2396 fuit.
1117 2330 1143 2395 F
1146 2336 1273 2396 urentes

120 2441 232 2500 autem
255 2435 352 2499 ceteri
376 2435 523 2513 comites,
547 2457 654 2500 omnes
678 2436 733 2520 qui
756 2435 903 2499 occisioni
925 2435 974 2499 illi
998 2435 1164 2514 affuerant,
1189 2437 1275 2500 noxii

121 2547 154 2607 et
179 2541 303 2605 innoxii
327 2539 576 2625 quaerebantur²
600 2542 639 2604 ad
656 2545 800 2605 mortem.
848 2541 1048 2623 Quapropter
1062 2563 1150 2624 paene
1167 2563 1275 2606 omnes

125 2647 254 2713 nobiles
278 2669 387 2712 eorum
408 2648 502 2712 curiae
518 2647 676 2730 capientes
699 2646 811 2731 fugam
832 2646 945 2730 dilapsi
969 2651 1043 2710 suut
1059 2646 1099 2710 ab
1115 2647 1169 2725 eis,
1192 2648 1276 2710 inter

121 2775 205 2837 quos
241 2752 337 2817 etiam
368 2752 602 2836 Ehingerenses
633 2751 707 2815 vitae
740 2774 805 2816 suae
837 2751 1035 2815 consulentes
1071 2751 1274 2835 aufugerunt,

123 2881 264 2943 quorum
288 2880 368 2922 unus
401 2862 433 2922 et
461 2856 647 2940 principalis
675 2857 708 2919 in
731 2855 955 2921 lombardiam
991 2857 1031 2919 ad
1062 2855 1276 2920 Mediolanum

124 2964 276 3049 confugit
299 2968 330 3027 et
352 2963 427 3027 hinc
449 2963 522 3027 illac
545 2961 739 3027 domicilium
769 2961 945 3025 transtulit.
992 2959 1144 3025 Videntes
1168 2967 1274 3025 autem

123 3069 378 3134 Mediolanenses
400 3069 462 3132 viri
485 3069 524 3132 ad
547 3089 597 3132 res
620 3067 748 3131 bellicas
772 3067 1000 3150 aptitudinem,
1032 3089 1103 3130 eum
1136 3089 1194 3150 pro
1217 3067 1276 3130 sti·

123 3175 242 3260 pendio
265 3174 498 3251 conduxerunt,
527 3175 559 3236 et
582 3173 672 3237 valde
694 3194 785 3235 carus
808 3193 844 3235 ac
866 3171 1024 3255 pretiosus
1046 3175 1094 3234 est
1116 3172 1198 3253 apud
1222 3193 1275 3234 eos

123 3283 265 3347 habitus.
319 3279 419 3346 Porro
449 3281 621 3364 imperator
653 3279 686 3342 in
718 3277 864 3343 streniam
899 3277 1025 3341 veniens
1060 3277 1135 3339 dnm
1168 3297 1275 3338 casurn

125 3389 282 3453 comitum
304 3387 475 3450 audivisset
491 3410 528 3450 ex
544 3390 576 3450 et
591 3384 802 3449 exulationem
828 3383 993 3460 nobilium,
1017 3383 1177 3446 revocavit
1192 3382 1277 3463 ipsos

115 3493 250 3575 ¹nobiles
275 3495 440 3576 assignans
471 3491 515 3555 eis
544 3495 629 3555 certa
652 3490 721 3553 loca
755 3511 818 3553 suae
849 3487 1031 3551 mansionis.
1080 3486 1172 3550 lllunr
1203 3507 1276 3549 vero

125 3597 267 3662 nobilem
289 3596 434 3681 Ehinger
457 3594 632 3679 assignavit
659 3594 774 3677 oppido
800 3591 953 3669 Ulmensi,
977 3591 1161 3675 praecipiens
1185 3590 1276 3673 oppi-

128 3703 220 3769 danis
243 3726 313 3767 eum
337 3703 494 3784 suscipere
517 3706 548 3764 et
570 3721 658 3764 more
681 3700 835 3762 nobilium
854 3702 1000 3776 tractare,
1024 3701 1055 3761 et
1071 3698 1111 3761 ab
1131 3696 1277 3761 omnibus

128 3809 200 3873 ritae
224 3803 289 3871 suae
311 3807 536 3872 insidiantibus
559 3806 733 3871 defendere.
780 3803 894 3888 Sicque
924 3805 1086 3888 ingressus
1116 3826 1187 3868 curn
1211 3803 1277 3866 suis

128 3915 259 3981 Ulmam
274 3913 306 3976 in
324 3913 491 3997 coniugem
506 3935 602 3976 unam
617 3911 777 3975 dominam
792 3911 830 3973 de
852 3909 1039 3993 genealogia
1055 3906 1275 3972 Rubiauorum

129 4017 306 4105 vulgariter
321 4016 426 4082 Roten
442 4019 589 4101 suscepit.
614 4039 651 4080 ex
668 4039 731 4100 qua
745 4015 830 4079 linea
847 4012 1113 4099 Ehingerensium
1129 4013 1162 4075 in
1179 4009 1277 4074 Ulma

129 4125 258 4188 initium
280 4124 426 4206 sumpsit.
472 4121 552 4186 Suas
575 4126 681 4186 autem
704 4121 882 4204 sepulturas
914 4119 996 4201 apud
1026 4118 1140 4180 fratres
1163 4113 1276 4196 praedi-

694 4265 711 4303 ’lt

199 4349 379 4418 lEcgingen
397 4348 465 4404 Gok.
487 4347 557 4402 Besa.
596 4346 736 4416 Echingen
750 4346 824 4400 Mon.
843 4346 882 4407 ⁴2.;
901 4344 1001 4399 eberiso
1015 4340 1143 4394 nachher.
1198 4337 1276 4393 2ηο-

129 4436 185 4493 rios
204 4440 234 4491 et
252 4437 381 4492 innoxios
400 4436 564 4506 quaerebant
583 4435 670 4488 Wibl.
