2806 4964
672 327 713 392 32

116 501 175 566 Est
198 506 306 566 autern
332 502 408 566 urbs
431 501 464 565 in
481 501 631 566 circulum
649 502 783 566 deducta
797 502 831 565 in
847 505 1003 586 quantum
1019 507 1088 566 erat
1106 504 1269 586 possibile,

116 607 288 670 curvitates
312 608 408 672 etiam
430 607 547 671 multas
570 607 686 685 habet,
710 608 785 691 quia
807 606 1035 691 impedimenta
1058 608 1183 673 diversa
1206 609 1269 672 oir-

118 711 206 776 oulus
230 714 363 797 accepit,
388 717 458 777 tum
480 717 610 797 propter
638 713 880 797 petrositatem‚
911 718 980 777 tum
1008 714 1104 778 1111111
1138 717 1269 797 propter

117 816 379 901 uliginositatem.
426 818 610 903 Antequam
632 823 739 883 autem
762 819 932 902 quicquam
959 819 1187 897 aedificaretur,
1218 819 1268 883 1ο-

94 922 232 987 nerunt
262 946 455 1009 pergyrum
486 925 601 989 vallem
633 929 689 988 aut
720 923 878 1008 profunda
908 923 1049 1003 fossata,
1083 929 1115 990 et
1147 929 1268 990 terram

118 1028 264 1092 effossam
282 1029 321 1093 ad
337 1028 490 1093 interiora
513 1028 634 1094 fossata
657 1030 797 1113 antiquae
821 1029 961 1094 civitatis
977 1032 1265 1113 comportaverunt.

118 1133 336 1198 coemiterium
359 1134 453 1198 etiam
471 1135 511 1198 ad
534 1156 641 1198 onmes
666 1133 817 1212 Sanctos,
841 1135 924 1218 quod
949 1138 1025 1198 tuno
1047 1155 1111 1197 non
1134 1133 1181 1197 ita
1204 1131 1268 1196 ele-

118 1243 226 1303 vatum
250 1243 319 1303 erat
342 1239 396 1303 sed
420 1239 608 1317 demissum,
633 1240 715 1304 siout
746 1243 871 1323 pratum
905 1239 1160 1304 candidariorum
1183 1237 1267 1322 quod

118 1345 145 1408 ei
169 1343 309 1423 oohaesit,
333 1367 424 1409 muro
447 1345 614 1409 cinxerunt
638 1344 714 1424 alto,
739 1345 826 1409 etin
848 1367 977 1408 murum
998 1348 1117 1408 terram
1139 1343 1179 1414 de
1204 1341 1267 1406 fos-

118 1449 195 1513 satis
218 1453 499 1531 comportaverunt
521 1451 612 1534 quasi
636 1450 740 1534 ipsum
764 1451 939 1534 replentes,
973 1454 1004 1515 et
1027 1450 1114 1514 tilias
1137 1446 1265 1513 arbores

117 1553 164 1618 ibi
186 1554 422 1637 plantaverunt.
468 1555 547 1619 Haeo
569 1556 608 1619 ad
633 1556 757 1620 oculum
782 1559 894 1639 patent
909 1555 1121 1621 consideranti
1140 1575 1267 1617 murum

119 1663 206 1723 terra
228 1660 383 1743 repletum
407 1665 438 1724 et
461 1660 674 1744 poliandrium
690 1662 785 1746 longe
807 1660 969 1726 subterra
986 1661 1077 1746 quasi
1099 1658 1265 1723 infossum.

120 1764 241 1828 Caetera
265 1787 338 1830 vero
360 1766 394 1829 in
410 1787 504 1850 agros
520 1767 776 1832 circumiacentes
793 1769 1079 1850 comportaverunt.
1125 1761 1267 1828 Fossatis

119 1889 196 1952 ergo
219 1870 340 1953 paratis
362 1870 548 1955 inceperunt
570 1872 726 1955 paulatim
749 1894 877 1936 murum
899 1873 1070 1949 adificare,
1094 1868 1268 1952 multisque

21 1977 107 2058 aiiii.
120 1975 212 2037 annis
235 1975 325 2039 stetit
348 1998 420 2049 oum
442 1978 626 2061 imperfecto
649 2001 750 2057 muro,
775 1983 807 2043 et
829 1979 863 2042 in
886 1979 930 2043 eis
953 1977 1049 2055 loeis,
1078 1975 1136 2038 ubi
1158 1993 1267 2036 murus

118 2079 255 2143 nondum
281 2083 367 2159 1111,
401 2081 490 2165 palos
521 2086 553 2146 et
581 2083 671 2167 ligna
693 2083 848 2161 fixerunt,
884 2087 916 2147 et
938 2082 1041 2147 multa
1062 2079 1147 2144 bella
1171 2077 1268 2143 1111111

118 2185 202 2249 inter
232 2185 340 2270 lignea
369 2188 487 2252 moenia
519 2189 736 2272 pertulerunt,
765 2188 842 2272 quia
874 2188 965 2253 valde
1000 2184 1144 2269 inquieta
1176 2185 1268 2247 erant

118 2294 271 2373 tempora.
317 2288 389 2356 cito
404 2295 511 2356 autem
531 2292 659 2357 fossatis
675 2292 769 2357 factis
783 2293 1001 2356 intermissum
1017 2292 1085 2354 erat
1101 2309 1268 2352 murorum

119 2417 208 2479 opus,
232 2399 264 2461 et
288 2401 514 2462 converterunt
536 2420 569 2462 se
584 2399 667 2462 oives
683 2399 722 2461 ad
739 2397 982 2462 instaurandum
998 2400 1029 2460 et
1045 2393 1268 2459 aedifioandum

119 2500 228 2565 domos
251 2524 334 2566 suas,
380 2501 509 2586 Semper
532 2506 639 2566 11111111
662 2506 694 2567 11
716 2501 872 2586 quottidie
899 2500 1046 2566 conducti
1069 2498 1268 2562 laboratores

118 2605 152 2668 in
176 2606 309 2671 aedifioio
330 2630 496 2672 murorum
518 2611 551 2672 et
573 2607 753 2690 aliquarum
775 2607 914 2671 turrium
935 2606 1135 2671 laborabant.
1182 2602 1269 2666 Ante

119 2711 225 2774 omnia
249 2712 333 2777 enim
356 2716 459 2777 turres
483 2713 582 2777 trium
603 2715 768 2795 portarum
791 2713 977 2790 erexerunt,
1011 2709 1131 2773 scilicet
1153 2707 1270 2771 turrim

119 2818 219 2899 portae
242 2814 355 2902 Gregis
378 2818 484 2901 pontis
501 2816 526 2896 ¹,
558 2817 613 2880 ubi
635 2817 668 2880 in
692 2816 823 2899 antiqua
846 2815 975 2879 civitate
997 2836 1054 2878 1111
1077 2811 1176 2877 turris
1201 2815 1270 2875 erat

119 2942 177 2984 neo
199 2923 293 3004 porta
315 2941 372 2983 neo
387 2942 477 3003 pons,
501 2920 555 2984 sed
575 2918 728 3002 ampliata
743 2919 872 2983 civitate
888 2917 1122 2982 transtulerunt
1137 2918 1270 2999 pontem

119 3046 246 3088 sursum
269 3024 308 3088 ad
324 3025 439 3088 turrim
456 3028 488 3087 et
501 3028 629 3107 portam
644 3024 743 3087 illam.
789 3021 920 3086 Portam
936 3022 1033 3086 etiam
1049 3020 1150 3085 sancti
1165 3020 1269 3084 Leon-

35 3160 38 3167 ·
119 3128 212 3194 hardi
227 3151 297 3213 quae
312 3150 397 3193 nuno
413 3129 529 3192 dicitur
545 3129 646 3192 beatae
662 3127 807 3212 Virginis
822 3125 834 3162 ²
857 3127 1119 3203 sublimaverunt,
1137 3143 1270 3206 eamque

119 3234 270 3298 custodiis
292 3234 493 3313 munierunt,
527 3233 603 3317 quia
633 3233 679 3297 ibi
711 3255 820 3296 murus
850 3254 913 3297 non
944 3235 1030 3308 erat,
1064 3230 1118 3294 sed
1141 3232 1270 3292 tantum

120 3339 246 3423 sepibus
269 3344 301 3404 et
323 3339 420 3426 lignis
444 3343 512 3403 erat
541 3338 653 3402 civitas
677 3338 796 3402 vallata
828 3338 868 3401 ab
900 3336 957 3400 illa
978 3339 1078 3421 parte.
1125 3333 1269 3398 Tertiam

120 3446 215 3509 etiarn
258 3449 383 3529 portam
416 3445 536 3510 soilioet
569 3442 840 3529 Gogglingensem
856 3442 884 3521 ³,
918 3465 975 3526 per
1006 3463 1102 3525 quam
1139 3440 1206 3503 itur
1236 3439 1270 3501 111

121 3548 325 3634 Gbgglingen
347 3552 429 3614 turri
452 3550 544 3614 firma
559 3553 591 3614 11
607 3550 673 3613 alta
688 3549 882 3613 munierunt.
927 3545 971 3610 111
986 3545 1048 3609 hiis
1068 3543 1162 3608 faotis
1180 3544 1269 3606 11111-

120 3654 193 3718 dere
216 3658 248 3719 et
270 3656 391 3737 aperire
414 3659 562 3739 poterant
584 3655 635 3718 cui
666 3653 825 3718 volebant.
871 3651 946 3716 Non
977 3649 1062 3714 enim
1089 3648 1205 3712 habuit
1235 3648 1269 3710 in

14 3771 107 3852 mfflgb·
119 3757 275 3841 principio
299 3759 514 3842 ampliationis
547 3759 608 3823 nisi
631 3758 781 3842 praefatas
804 3762 868 3823 tres
892 3759 1018 3841 portas,
1044 3755 1097 3819 sed
1120 3775 1267 3818 successu

82 3863 93 3878 ‘
120 3862 271 3945 temporis
294 3863 477 3927 factasunt
492 3863 562 3928 aliae
578 3868 688 3946 portae,
711 3863 857 3927 videlicet
872 3865 965 3945 porta
979 3859 1149 3937 Α1111111111,
1175 3862 1269 3942 porta

119 3965 214 4032 Nova
236 3970 268 4031 et
290 3972 383 4050 porta
397 3967 601 4032 Lanistarum
613 3964 637 4044 ⁴,
662 3988 732 4052 quae
755 3966 845 4051 quasi
862 3966 951 4030 nulla
967 3968 1023 4030 est.
1071 3962 1146 4027 Fuit
1162 3966 1270 4027 autom

686 4129 704 4167 a

195 4213 209 4265 1
231 4208 505 4266 Herdtbruckerthor
522 4210 582 4265 Soh.
603 4229 648 4266 am
667 4210 763 4265 rande.
800 4209 1004 4267 2Frauenthor
1023 4209 1084 4262 Soh.
1103 4225 1150 4262 am
1172 4208 1270 4262 rande.

122 4299 392 4370 3Gegglingensem
412 4297 472 4353 Soh.
492 4298 537 4352 Kl.
573 4296 811 4368 Gogglingensem
829 4297 914 4350 Wibl.
950 4294 1185 4363 Gtoklingerthor
1205 4294 1268 4348 Sch.

122 4406 168 4442 am
187 4387 283 4442 rande.
355 4388 371 4438 4
393 4385 466 4456 Droy
485 4387 557 4452 thor,
579 4384 658 4441 Genti
678 4383 746 4440 New
765 4385 823 4440 und
841 4385 966 4454 Metagor
984 4381 1083 4438 Schad.
1105 4398 1152 4436 am
1170 4380 1265 4436 rande.
