2798 4950
689 326 732 391 26

140 503 224 587 quod
240 503 324 586 ipsos
341 502 511 566 monachos
528 502 730 566 excluderent
746 523 765 564 a
781 501 920 580 civitate,
938 504 971 565 et
981 503 1158 584 utrumque
1174 500 1289 564 factum

138 611 196 701 est.
245 606 334 673 Unde
367 606 465 670 abbas
489 605 586 670 Owiae
615 605 800 691 frequenter
831 612 900 673 erat
931 607 965 671 in
989 607 1107 685 Ulma,
1142 611 1175 671 et
1204 608 1289 691 quasi

139 713 259 777 curiam
281 734 345 776 non
367 712 518 795 principis
542 711 594 775 sed
618 713 703 797 regis
725 713 771 777 ibi
794 710 945 791 habebat,
969 712 1021 776 cui
1043 710 1216 776 Ulmenses
1239 733 1288 796 pe·

138 819 246 882 eunias
270 818 309 881 ad
332 817 522 881 desiderium
544 818 806 897 commodabant,
842 817 958 902 quibus
993 816 1149 895 decimas,
1173 839 1289 894 census,

138 923 262 988 telonea
285 925 317 987 et
338 923 408 986 iura
431 923 670 1007 impignorabat
687 922 708 1002 ¹,
731 922 835 987 multa
858 923 955 986 etiam
977 922 1017 985 ad
1033 922 1137 986 vitam
1152 943 1289 1005 quorun·

138 1028 211 1092 dam
234 1028 412 1105 tribuebat,
437 1029 500 1091 alia
523 1031 635 1111 sponte
658 1027 870 1111 propinabat,
902 1049 959 1091 nec
990 1031 1059 1091 erat
1082 1026 1151 1090 dies
1174 1026 1208 1089 in
1232 1047 1289 1110 quo

139 1155 201 1197 nou
226 1133 418 1197 alienaretur
442 1132 562 1216 aliquid
586 1132 626 1196 ab
650 1154 686 1195 eo
708 1132 925 1195 consentiente
941 1152 987 1195 eo.
1035 1130 1233 1214 Aliquando,
1257 1134 1289 1193 ut

140 1239 257 1316 audivi,
281 1243 355 1302 ante
379 1238 623 1322 carnisprivium
646 1236 737 1321 quasi
760 1257 868 1300 omnes
899 1237 937 1300 de
958 1234 1049 1299 Owia
1072 1234 1180 1300 Ulmae
1202 1239 1290 1300 erant

140 1347 264 1407 etcum
288 1344 410 1407 civibus
433 1343 630 1417 hastiludiis,
662 1341 803 1420 choreis,
826 1340 965 1424 nuptiiS,
988 1339 1145 1404 conviviis
1170 1345 1203 1404 et
1226 1361 1289 1404 om·

140 1447 234 1510 nibus
258 1447 475 1530 voluptatibus
499 1448 735 1525 deserviebant,
759 1450 791 1511 et
813 1450 921 1511 tantas
944 1467 1098 1529 expensas
1121 1445 1289 1524 faciebant,

140 1552 224 1634 quod
247 1573 309 1614 non
334 1555 403 1616 erat
432 1553 497 1616 dies
529 1552 563 1616 in
595 1575 658 1636 quo
688 1574 752 1616 non
785 1553 893 1635 aliqua
922 1551 1000 1615 villa
1029 1551 1078 1615 vel
1113 1550 1287 1615 decimain

140 1677 264 1720 cassum
286 1657 452 1735 transibat.
501 1658 544 1721 Et
567 1679 640 1721 cum
662 1657 722 1722 hoc
744 1658 778 1720 in
801 1660 893 1722 tanta
916 1656 1023 1720 debita
1052 1656 1208 1720 deductus
1231 1656 1291 1720 luit

140 1759 174 1822 in
198 1757 294 1824 Ulma
316 1761 432 1840 abbas,
464 1763 548 1844 quod
571 1784 636 1825 non
658 1760 723 1825 fuit
745 1762 879 1846 quaestio
901 1761 966 1825 iam
988 1760 1026 1825 de
1049 1761 1144 1825 rebus
1168 1761 1290 1826 abbatis

140 1864 174 1928 in
191 1862 296 1942 Ulma,
319 1866 372 1929 sed
389 1867 612 1950 quaerebantur
633 1867 697 1930 iam
712 1890 761 1931 res
777 1872 869 1931 extra
884 1868 981 1931 etiam
996 1867 1107 1949 procul
1129 1867 1171 1930 ab
1188 1866 1290 1932 Ulma.

141 1967 178 2032 In
202 1969 253 2033 his
275 1972 409 2035 sculteto
433 1976 465 2036 et
480 1972 659 2036 consulatui
675 1972 779 2036 multa
802 1972 888 2036 dedit
904 1975 935 2036 et
950 1971 1094 2050 indulsit,
1120 1975 1152 2035 et
1167 1975 1290 2036 coactus
1307 2026 1315 2045 ,

141 2073 212 2137 iura
233 2096 291 2139 sua
314 2078 461 2141 continue
485 2077 669 2161 resignavit,
694 2077 747 2141 sed
772 2081 804 2141 et
819 2078 940 2140 curiam
955 2099 1046 2140 suam
1061 2076 1120 2139 den
1138 2074 1291 2141 Grienen·

141 2179 199 2242 hof
220 2179 341 2244 civibus
364 2182 514 2261 vendidit,
538 2182 593 2265 qui
617 2204 655 2245 ex
678 2182 772 2245 horto
794 2182 934 2264 plateam
958 2180 1121 2264 publicam
1136 2179 1290 2257 fecerunt,

142 2285 175 2347 in
199 2307 262 2368 qua
285 2285 370 2349 olera
393 2290 425 2350 et
447 2286 569 2350 fructus
592 2287 819 2365 vendebantur,
843 2289 874 2350 et
896 2287 934 2349 de
956 2286 1088 2364 horreo,
1120 2287 1208 2370 quod
1231 2286 1291 2350 iam

4 2451 11 2467 ,
143 2393 191 2453 est
206 2390 317 2454 domus
333 2389 499 2455 Wilhelmi
514 2390 596 2468 Lew,
613 2392 741 2456 zecham
756 2389 807 2455 vel
823 2390 990 2455 tabernam
1005 2389 1123 2453 civium
1138 2390 1291 2456 fecerunt.

143 2494 264 2559 Mansit
297 2500 403 2559 autem
435 2495 542 2578 platea
573 2496 630 2560 illa
663 2495 769 2559 forum
804 2494 965 2559 venalium
993 2516 1100 2558 rerum
1131 2495 1291 2580 usquead

142 2599 281 2664 civitatis
304 2601 551 2684 ampliationem.
597 2599 675 2666 Haec
706 2604 814 2665 autem
845 2599 952 2664 omnia
982 2620 1046 2662 non
1077 2621 1160 2663 unus
1185 2600 1291 2678 abbas,

142 2704 196 2767 sed
220 2704 323 2786 plures
345 2706 518 2771 successive
540 2706 689 2790 agebant,
713 2711 744 2770 et
768 2705 808 2769 ad
830 2709 954 2769 tantam
977 2703 1221 2786 perversitatem
1243 2727 1292 2769 res

143 2807 276 2884 devenit,
299 2812 335 2871 ut
351 2808 472 2873 abbate
482 2809 589 2893 aliquo
606 2810 754 2874 defuncto
770 2807 937 2874 Ulmenses
953 2812 1176 2892 promoverent
1200 2831 1292 2894 quem

143 2911 270 2988 vellent,
294 2915 345 2996 qui
371 2914 497 2977 nullum
518 2914 631 2978 utilem
652 2914 863 2993 monasterio,
888 2914 941 2978 sed
964 2935 1027 2977 suae
1050 2913 1175 2977 civitati
1199 2915 1293 2979 bene·

144 3017 252 3081 volum
266 3017 341 3102 eligi
357 3020 577 3101 permiserunt.
615 3017 653 3082 In
669 3022 759 3083 tanto
775 3023 883 3084 autem
897 3020 1080 3101 contemptu
1095 3022 1127 3083 et
1143 3020 1291 3103 despectu

144 3120 255 3186 haberi
278 3127 441 3207 coeperunt
464 3123 595 3188 abbates
611 3124 651 3188 ab
668 3122 884 3203 Ulmensibus,
908 3128 945 3188 ut
958 3127 1085 3187 mortuo
1101 3123 1209 3207 aliquo
1226 3124 1292 3208 ple·

147 3229 228 3292 bano
250 3227 312 3311 ipsi
334 3229 490 3314 eligerent
512 3233 544 3293 et
567 3252 623 3312 pro
646 3228 713 3294 eius
736 3230 976 3295 confirmatione
992 3232 1024 3293 et
1039 3229 1231 3292 investitura
1255 3229 1291 3292 ad

144 3336 250 3399 sedem
272 3334 478 3418 apostolicam
499 3335 673 3414 mitterent,
697 3339 728 3400 et
750 3358 815 3400 non
838 3336 878 3399 ad
901 3335 1050 3398 abbatem
1073 3334 1111 3397 ad
1137 3357 1232 3417 quem
1256 3335 1291 3398 de

143 3442 212 3506 iure
234 3441 407 3526 spectabat.
452 3439 538 3505 Nam
559 3441 593 3504 in
616 3442 762 3506 omnibus
778 3441 829 3505 his
851 3439 1018 3506 Ulmenscs
1034 3439 1135 3503 multa
1153 3441 1192 3503 de
1206 3439 1291 3503 facto

144 3546 297 3625 lecerunt,
320 3569 390 3631 quae
413 3546 510 3611 sacris
532 3547 706 3612 canonibus
729 3551 761 3612 et
784 3546 908 3630 legibus
931 3545 1091 3608 contraria
1122 3549 1230 3624 erant,
1264 3548 1295 3608 et

50 3649 90 3719 ar?
104 3650 291 3718 a's.monachi
313 3651 362 3714 ius
384 3673 442 3735 pro
465 3674 499 3716 se
520 3652 691 3729 habebant,
714 3651 768 3716 sed
791 3651 1004 3736 negligentes,
1039 3648 1240 3712 formidulosi
1264 3655 1294 3714 et

144 3754 334 3818 dormientes
357 3758 457 3820 erant.
514 3754 757 3841 Vigilantibus²
782 3759 888 3820 autem
911 3759 943 3819 et
966 3777 1030 3818 non
1065 3753 1294 3818 dormientibus

144 3859 215 3923 iura
237 3859 430 3924 subveniunt
454 3859 506 3947 [ut
528 3861 665 3926 habetur
693 3863 767 3927 inst.
799 3861 821 3925 l.
846 3863 875 3927 4.
901 3861 950 3924 tit.
976 3861 1005 3923 6.
1030 3859 1047 3942 ξ
1072 3861 1090 3920 o
1114 3859 1140 3921 si
1164 3860 1236 3942 quis
1260 3860 1293 3922 in

145 3963 290 4029 fraudem
305 3964 497 4030 creditorum
521 4017 528 4032 .
554 4017 560 4030 .
586 3969 618 4031 et
632 3989 719 4051 sequ.
743 3967 857 4050 digest.
874 3967 895 4029 l.
919 3965 960 4028 42
986 3965 1037 4028 tit.
1062 3964 1153 4042 8,10
1178 3964 1205 4028 si
1225 3965 1295 4048 quis

711 4119 729 4158 st

217 4215 482 4286 limpignorabant
504 4255 511 4270 .
534 4259 540 4270 .
563 4261 569 4273 .
597 4217 762 4273 tribuebant
787 4217 858 4273 Mon.
885 4216 909 4270 1.
935 4217 1033 4272 Schad.
1059 4215 1103 4268 Kl.
1128 4215 1220 4271 Schm.
1246 4217 1295 4269 Eh.

144 4303 317 4375 propinabat
335 4303 408 4358 Mon.
430 4305 453 4359 l.
472 4303 533 4359 Scb.
552 4303 610 4366 Kl,
639 4305 697 4359 alia
716 4344 722 4356 .
743 4348 749 4359 .
768 4303 964 4374 ‚propinabat
985 4303 1058 4358 fehlt
1077 4302 1121 4357 bei
1135 4301 1227 4358 Scbm.
1247 4304 1294 4358 uh.

146 4393 162 4444 2
182 4391 376 4462 vigilantibus
394 4389 587 4461 suffragantur
605 4390 668 4446 iura
688 4391 761 4447 Mon.
781 4392 803 4446 1.
822 4391 969 4446 randnote.
