2798 4950
670 310 713 375 74

118 491 209 569 septa
219 486 391 570 [conseatis]
407 484 461 551 ¹et
471 485 598 550 laminis
610 489 733 564 omata,
742 485 866 563 armati,
876 484 994 567 galeati
1006 490 1039 550 et
1051 485 1187 565 cristati,
1199 489 1266 550 tan·

120 613 215 676 quam
222 590 380 655 hostiliter
392 591 567 674 pugnaturi
576 589 714 673 exceptis
727 590 874 654 omnibus
890 591 986 655 armis
1003 591 1176 670 offensivis,
1194 615 1267 656 oon·

120 695 254 760 veniunt
263 693 286 774 ²,
295 694 672 779 nisiquodtironibusqui
680 694 849 777 primohoc
857 700 1012 760 certamen
1020 695 1162 775 inierint,
1174 699 1269 781 spada

120 801 315 879 detruncata,
332 800 403 864 aliis
419 800 508 864 clava
519 800 626 884 lignea
638 800 840 864 determinati
852 802 998 884 ponderis
1011 802 1116 868 datur.
1155 803 1268 868 Corus·

119 906 263 972 cantibus
279 911 385 971 autem
408 906 504 970 armis
527 905 776 990 congrediuntur
792 906 915 969 duobus
938 906 1061 984 turmis,
1085 912 1117 972 et
1139 907 1268 973 vitiosos

120 1011 295 1075 durissimis
319 1010 434 1075 ictibus
457 1010 602 1074 afficiunt
625 1015 657 1075 et
678 1010 846 1075 demeritos
871 1011 912 1094 [Ρ]
945 1011 1113 1076 semivivos
1137 1018 1195 1078 aut
1216 1036 1269 1096 pe·

120 1116 207 1181 nitus
229 1115 384 1180 extinctos
409 1114 641 1198 derelinquunt.
688 1114 764 1180 Haec
787 1120 1008 1180 tumeamenta
1021 1114 1164 1181 Joannes
1189 1141 1269 1201 papa

119 1219 212 1284 XXII
235 1220 294 1282 sub
326 1219 659 1285 excommunicationis
693 1222 852 1286 sententia
886 1219 1069 1305 prohibuit,
1094 1226 1127 1286 et
1160 1228 1270 1306 postea

119 1327 283 1392 relaxavit.
330 1326 410 1390 Cum
432 1348 509 1408 ergo
532 1327 649 1391 civium
676 1327 831 1409 sauguine
861 1327 929 1390 nati
961 1329 1190 1392 torneamentis
1222 1327 1270 1390 iu-

121 1437 237 1497 teresse
259 1431 393 1515 possint,
418 1431 539 1495 nobiles
562 1451 628 1494 esse
651 1454 704 1495 eos
727 1435 826 1514 patet,
851 1431 975 1496 etiamsi
997 1431 1059 1515 ipsi
1077 1432 1184 1515 [cives]
1209 1456 1270 1496 nou

120 1538 385 1603 intromittantur.
432 1536 523 1601 Cives
555 1540 661 1601 autem
682 1560 741 1620 pro
764 1536 990 1600 torneamentis
1026 1536 1148 1603 hahent
1170 1537 1270 1604 hasti·

122 1642 210 1706 ludia
232 1643 266 1705 in
289 1641 405 1725 quibus
428 1641 550 1706 nobiles
573 1664 646 1706 cum
667 1641 712 1705 eis
733 1641 866 1720 ludunt,
891 1641 1130 1726 congredientes
1152 1641 1269 1710 lenosis

122 1747 223 1812 acutis
246 1746 296 1810 vel
319 1745 477 1811 coronulis
502 1744 679 1830 [catinatis]
696 1745 727 1824 ³,
761 1750 883 1811 certum
911 1752 959 1811 est
983 1751 1102 1825 autem,
1136 1748 1165 1811 si
1188 1749 1269 1814 cives

123 1851 245 1917 nobiles
268 1873 332 1915 non
354 1855 467 1929 essent,
491 1849 609 1915 talibus
631 1850 715 1915 ludis
738 1851 877 1916 cumeis
900 1873 965 1915 non
987 1852 1184 1918 dimicarent.

212 1955 353 2040 Septimo
374 1961 462 2040 patet
484 1979 592 2020 eorum
609 1957 760 2020 nobilitas
783 1957 816 2020 in
833 1956 964 2021 choreis.
988 1979 1064 2022 nam
1087 1959 1126 2021 ad
1143 1959 1270 2023 choreas

125 2062 259 2128 curiales
292 2062 445 2126 nobilium
479 2062 562 2126 cives
586 2063 618 2125 et
649 2061 766 2125 civium
789 2083 903 2126 uxores
930 2061 1164 2142 admittuntur,
1196 2067 1229 2129 et
1257 2085 1273 2126 e

126 2170 302 2246 contrariu,
336 2169 375 2232 ad
406 2191 484 2252 quas
508 2168 650 2252 plebeius
682 2190 746 2233 nou
769 2167 865 2230 audet
896 2166 1040 2231 accedere
1062 2172 1099 2231 ut
1126 2168 1272 2246 chorizet,

126 2275 180 2338 sed
204 2278 240 2337 ut
263 2274 378 2338 videat.
424 2272 498 2337 Ideo
521 2274 616 2336 etiam
639 2272 774 2337 maiores
796 2274 876 2334 natu
902 2270 985 2335 cives
1019 2272 1177 2336 ulmeuses
1200 2273 1273 2336 dum

126 2380 256 2444 choreas
278 2379 417 2458 habent,
448 2378 571 2442 nullum
594 2377 767 2441 zunftalem
789 2375 949 2440 chorizare
972 2374 1186 2458 permittunt,
1219 2399 1273 2440 nec

126 2506 239 2549 uxores
262 2487 319 2548 aut
340 2483 423 2547 filias
445 2505 554 2547 eorum
578 2482 768 2559 admittunt,
791 2503 831 2545 ne
853 2503 872 2543 a
895 2479 1055 2543 nobilibus
1079 2481 1273 2565 contemptui

130 2586 317 2651 habeantur.
363 2585 423 2652 Sed
447 2587 474 2651 si
496 2587 573 2650 civis
596 2586 708 2670 recipit
729 2585 829 2650 filiam
852 2584 1017 2662 zunftalis,
1045 2583 1103 2648 illa
1129 2585 1273 2650 choream

127 2692 315 2775 ingreditur.

215 2794 344 2872 Octavo,
369 2795 452 2878 quod
475 2794 597 2859 nobiles
614 2799 699 2875 sunt,
721 2799 812 2878 patet
834 2818 871 2860 ex
887 2795 1028 2879 antiquis
1050 2794 1148 2859 armis
1172 2799 1204 2860 et
1225 2795 1274 2858 in-

128 2901 273 2984 signibus
296 2921 422 2979 corum,
446 2900 521 2984 quia
544 2900 666 2965 nobiles
689 2923 761 2965 cum
783 2900 905 2964 civibus
928 2900 1222 2985 sigillent-litteras
1244 2904 1273 2966 et

127 3005 229 3069 multa
251 3005 338 3068 talia.

214 3109 310 3175 Nono
333 3108 415 3174 cives
446 3114 521 3174 sunt
542 3110 665 3174 nobiles
695 3110 776 3194 quia
793 3109 956 3193 possident
978 3109 1127 3194 antiquas
1151 3111 1275 3175 divitias

129 3239 185 3302 per
209 3238 287 3300 quas
303 3215 432 3300 quidam
456 3216 657 3281 nobilitatem
674 3216 917 3301 descripserunt.
962 3214 1055 3281 Unde
1071 3217 1202 3300 quidam
1218 3219 1275 3281 im·

129 3327 255 3407 perator
271 3323 368 3386 dixit:
392 3321 544 3386 nobilitas
559 3326 607 3387 est
622 3323 754 3406 antiqua
775 3322 855 3386 aeris
871 3322 1025 3405 possessio
1048 3343 1122 3385 cum
1137 3323 1276 3405 pulchris

129 3427 337 3513 regiminibus
360 3429 392 3492 et
414 3426 565 3491 moribus.
611 3426 704 3490 Alius
728 3426 824 3490 dixit:
860 3427 1012 3490 nobilitas
1044 3429 1095 3520 est
1120 3426 1224 3490 virtus
1247 3430 1276 3490 et

694 3537 710 3573 s

130 3619 225 3672 laestra
243 3617 287 3670 Du
306 3616 414 3684 Cange;
434 3613 542 3683 equiria
560 3619 587 3668 n.
606 3614 654 3683 pl..
672 3613 880 3669 Pferderenneu
900 3634 934 3668 zu
952 3615 1037 3670 ehren
1056 3615 1103 3668 des
1125 3615 1214 3678 Mars,
1234 3631 1275 3682 ge·

129 3705 195 3759 hort
213 3703 286 3759 wohl
306 3703 384 3756 nicht
402 3701 505 3755 hieher.
542 3700 641 3755 Mirioa
659 3700 697 3754 ist
715 3702 889 3756 unbebautes
908 3703 985 3756 land.
1008 3701 1213 3771 Brinclrmeyer.
1263 3701 1274 3753 l

134 3790 248 3847 croaciis
265 3790 358 3844 haben
377 3790 433 3843 alle
452 3789 516 3853 Ma,
545 3807 598 3843 nur
621 3789 688 3846 Golx.
719 3791 776 3844 und
791 3791 876 3845 Besa.
901 3792 993 3845 lassen
1017 3791 1077 3844 hier
1099 3790 1163 3844 eine
1182 3790 1275 3843 lfiohe:

130 3879 315 3947 circumsepta
334 3917 340 3930 .
361 3917 367 3930 .
386 3917 393 3929 .
412 3880 441 3932 et
458 3876 586 3942 laminis;
606 3878 687 3934 sollte
706 3877 751 3931 die
762 3879 904 3947 conjectur
917 3877 1051 3932 coassatis
1070 3877 1185 3931 erlanbt
1197 3876 1275 3931 sein?

132 3967 180 4022 Bei
207 3963 367 4018 Hadrianus
395 3964 497 4018 Junius
522 3963 657 4028 Medicus,
686 3965 897 4033 (Nomenclator
915 3982 1015 4026 rerum,
1047 3965 1172 4020 Francof.
1192 3966 1277 4031 ’1591)

112 4109 115 4112 ,
130 4052 212 4108 heilit
235 4051 371 4115 coaxatio,
393 4050 474 4114 Vitr,
488 4050 633 4114 coassatio,
653 4052 698 4105 ein
712 4055 780 4121 opus
794 4053 892 4106 axibus
905 4054 1045 4116 constans,
1065 4051 1116 4106 hoc
1129 4054 1180 4115 est,
1200 4051 1275 4106 secti·

131 4140 205 4194 libus
223 4138 370 4201 tabulatis,
393 4139 484 4200 soller,
503 4137 615 4196 biihne..
676 4141 692 4192 2
711 4140 879 4194 conveniunt
897 4139 988 4192 haben
1001 4139 1048 4191 uh.
1063 4156 1089 4190 ιι.
1104 4139 1204 4202 Wibl.;
1225 4139 1275 4191 alle

132 4227 239 4282 andern
258 4226 349 4280 lassen
369 4224 418 4278 das
437 4227 509 4280 wort
527 4242 596 4294 weg.
651 4226 823 4282 3ooronulis
843 4227 912 4281 Gok.
932 4226 1006 4279 Besa.
1042 4225 1174 4280 coronilis
1193 4224 1271 4279 Woll.

133 4313 193 4366 Sch.
208 4314 251 4368 Kl.
266 4313 313 4366 Eh.
327 4311 460 4367 coronitis
470 4312 556 4367 Wibl.
584 4311 735 4367 Vielleieht
746 4330 779 4364 an
792 4312 866 4366 lesen
879 4311 1027 4375 coronatis,
1043 4311 1109 4366 oder
1121 4309 1273 4367 catinatisl

133 4418 159 4455 v.
179 4402 290 4456 catinus
309 4423 344 4450 =
361 4400 449 4455 flache
468 4401 597 4465 schussel,
616 4400 733 4455 scheibe.
